<?xml version="1.0" encoding="UTF-8"?>
<!DOCTYPE html PUBLIC "-//W3C//DTD XHTML 1.0 Transitional//EN"
    "http://www.w3.org/TR/xhtml1/DTD/xhtml1-transitional.dtd">
<html xmlns="http://www.w3.org/1999/xhtml" xml:lang="en" lang="en">
 <head>
  <title>
</title>
<meta http-equiv="Content-Type" content="text/html;charset=utf-8" />
  <meta name='ocr-system' content='tesseract 3.04.00' />
  <meta name='ocr-capabilities' content='ocr_page ocr_carea ocr_par ocr_line ocrx_word'/>
</head>
<body>
  <div class='ocr_page' id='page_1' title='image "./publiivirgiliim01unkngoog_0369.png"; bbox 0 0 1917 2942; ppageno 0'>
   <div class='ocr_carea' id='block_1_1' title="bbox 235 333 1535 374">
    <p class='ocr_par' dir='ltr' id='par_1_1' title="bbox 235 333 1535 374">
     <span class='ocr_line' id='line_1_1' title="bbox 235 333 1535 374; baseline -0.003 -1"><span class='ocrx_word' id='word_1_1' title='bbox 235 334 309 374; x_wconf 76' lang='lat'>367</span> <span class='ocrx_word' id='word_1_2' title='bbox 749 333 908 372; x_wconf 71' lang='lat' dir='ltr'>LIBER</span> <span class='ocrx_word' id='word_1_3' title='bbox 939 334 1009 371; x_wconf 76' lang='lat' dir='ltr'>IX.</span> <span class='ocrx_word' id='word_1_4' title='bbox 1461 333 1535 370; x_wconf 73' lang='lat'>5137</span> 
     </span>
    </p>
   </div>
   <div class='ocr_carea' id='block_1_2' title="bbox 233 407 1546 2483">
    <p class='ocr_par' dir='ltr' id='par_1_2' title="bbox 233 407 1546 2483">
     <span class='ocr_line' id='line_1_2' title="bbox 286 407 1274 470; baseline -0.001 -14"><span class='ocrx_word' id='word_1_5' title='bbox 286 420 456 459; x_wconf 75' lang='lat' dir='ltr'>Interea</span> <span class='ocrx_word' id='word_1_6' title='bbox 478 407 685 470; x_wconf 76' lang='lat' dir='ltr'>praemissi</span> <span class='ocrx_word' id='word_1_7' title='bbox 710 418 876 470; x_wconf 78' lang='lat' dir='ltr'><strong>equites</strong></span> <span class='ocrx_word' id='word_1_8' title='bbox 895 428 946 458; x_wconf 80' lang='lat' dir='ltr'>ex</span> <span class='ocrx_word' id='word_1_9' title='bbox 963 416 1071 458; x_wconf 79' lang='lat' dir='ltr'>urbe</span> <span class='ocrx_word' id='word_1_10' title='bbox 1095 417 1245 458; x_wconf 51' lang='lat' dir='ltr'>letina</span> <span class='ocrx_word' id='word_1_11' title='bbox 1263 448 1274 464; x_wconf 92' lang='lat'><em>‚</em></span> 
     </span>
     <span class='ocr_line' id='line_1_3' title="bbox 234 484 1284 539; baseline -0.002 -15"><span class='ocrx_word' id='word_1_12' title='bbox 234 488 386 526; x_wconf 81' lang='lat' dir='ltr'>Cetera</span> <span class='ocrx_word' id='word_1_13' title='bbox 403 484 508 525; x_wconf 88' lang='lat' dir='ltr'>dum</span> <span class='ocrx_word' id='word_1_14' title='bbox 524 485 639 536; x_wconf 80' lang='lat' dir='ltr'>legio</span> <span class='ocrx_word' id='word_1_15' title='bbox 661 485 826 539; x_wconf 79' lang='lat' dir='ltr'>eampis</span> <span class='ocrx_word' id='word_1_16' title='bbox 842 485 1055 526; x_wconf 83' lang='lat' dir='ltr'>instructa</span> <span class='ocrx_word' id='word_1_17' title='bbox 1070 487 1284 529; x_wconf 83' lang='lat' dir='ltr'>moratur,</span> 
     </span>
     <span class='ocr_line' id='line_1_4' title="bbox 233 551 1219 606; baseline 0.005 -13"><span class='ocrx_word' id='word_1_18' title='bbox 233 553 359 594; x_wconf 84' lang='lat' dir='ltr'>Ibant</span> <span class='ocrx_word' id='word_1_19' title='bbox 377 585 385 601; x_wconf 89' lang='lat'>,</span> <span class='ocrx_word' id='word_1_20' title='bbox 411 556 455 595; x_wconf 86' lang='lat' dir='ltr'>et</span> <span class='ocrx_word' id='word_1_21' title='bbox 469 555 617 594; x_wconf 89' lang='lat' dir='ltr'>Turno</span> <span class='ocrx_word' id='word_1_22' title='bbox 637 553 752 606; x_wconf 81' lang='lat' dir='ltr'>regis</span> <span class='ocrx_word' id='word_1_23' title='bbox 772 564 983 606; x_wconf 82' lang='lat' dir='ltr'>responsa</span> <span class='ocrx_word' id='word_1_24' title='bbox 1004 551 1219 598; x_wconf 74' lang='lat' dir='ltr'>ferebant.</span> 
     </span>
     <span class='ocr_line' id='line_1_5' title="bbox 234 623 1408 674; baseline -0.001 -11"><span class='ocrx_word' id='word_1_25' title='bbox 234 627 498 665; x_wconf 77' lang='lat' dir='ltr'>Tercentum</span> <span class='ocrx_word' id='word_1_26' title='bbox 517 654 528 674; x_wconf 85' lang='lat'>,</span> <span class='ocrx_word' id='word_1_27' title='bbox 551 624 709 666; x_wconf 84' lang='lat' dir='ltr'>scutati</span> <span class='ocrx_word' id='word_1_28' title='bbox 727 634 904 671; x_wconf 89' lang='lat' dir='ltr'>omnes,</span> <span class='ocrx_word' id='word_1_29' title='bbox 927 623 1161 666; x_wconf 81' lang='lat' dir='ltr'>Volseente</span> <span class='ocrx_word' id='word_1_30' title='bbox 1182 623 1408 674; x_wconf 80' lang='lat' dir='ltr'>magistro.</span> 
     </span>
     <span class='ocr_line' id='line_1_6' title="bbox 235 691 1488 748; baseline -0.002 -14"><span class='ocrx_word' id='word_1_31' title='bbox 235 695 258 733; x_wconf 69' lang='lat' dir='ltr'><em>A</em></span> <span class='ocrx_word' id='word_1_32' title='bbox 263 705 421 746; x_wconf 84' lang='lat' dir='ltr'>amque</span> <span class='ocrx_word' id='word_1_33' title='bbox 434 693 791 748; x_wconf 77' lang='lat' dir='ltr'>propinquabant</span> <span class='ocrx_word' id='word_1_34' title='bbox 809 693 981 738; x_wconf 81' lang='lat' dir='ltr'>castris,</span> <span class='ocrx_word' id='word_1_35' title='bbox 1005 701 1243 744; x_wconf 86' lang='lat' dir='ltr'>murosque</span> <span class='ocrx_word' id='word_1_36' title='bbox 1261 691 1464 732; x_wconf 80' lang='lat' dir='ltr'>subibant</span> <span class='ocrx_word' id='word_1_37' title='bbox 1482 723 1488 737; x_wconf 89' lang='lat'>,</span> 
     </span>
     <span class='ocr_line' id='line_1_7' title="bbox 235 761 1421 817; baseline -0.003 -13"><span class='ocrx_word' id='word_1_38' title='bbox 235 767 381 813; x_wconf 85' lang='lat' dir='ltr'>Quum</span> <span class='ocrx_word' id='word_1_39' title='bbox 397 763 552 817; x_wconf 86' lang='lat' dir='ltr'>procul</span> <span class='ocrx_word' id='word_1_40' title='bbox 570 763 651 805; x_wconf 86' lang='lat' dir='ltr'>hos</span> <span class='ocrx_word' id='word_1_41' title='bbox 674 763 782 805; x_wconf 78' lang='lat' dir='ltr'>laevo</span> <span class='ocrx_word' id='word_1_42' title='bbox 798 761 1024 805; x_wconf 82' lang='lat' dir='ltr'>flectentes</span> <span class='ocrx_word' id='word_1_43' title='bbox 1043 762 1184 804; x_wconf 80' lang='lat' dir='ltr'>limite</span> <span class='ocrx_word' id='word_1_44' title='bbox 1202 762 1394 803; x_wconf 86' lang='lat' dir='ltr'>cernunt</span> <span class='ocrx_word' id='word_1_45' title='bbox 1411 777 1421 808; x_wconf 81' lang='grc' dir='ltr'>ς</span> 
     </span>
     <span class='ocr_line' id='line_1_8' title="bbox 236 832 1316 885; baseline 0.001 -13"><span class='ocrx_word' id='word_1_46' title='bbox 236 836 288 874; x_wconf 83' lang='lat' dir='ltr'>Et</span> <span class='ocrx_word' id='word_1_47' title='bbox 306 834 428 885; x_wconf 83' lang='lat' dir='ltr'>galea</span> <span class='ocrx_word' id='word_1_48' title='bbox 450 834 692 885; x_wconf 81' lang='lat' dir='ltr'>Euryalum</span> <span class='ocrx_word' id='word_1_49' title='bbox 706 832 920 875; x_wconf 69' lang='lat' dir='ltr'>⁴sublustri</span> <span class='ocrx_word' id='word_1_50' title='bbox 939 832 1083 874; x_wconf 81' lang='lat' dir='ltr'>noetis</span> <span class='ocrx_word' id='word_1_51' title='bbox 1099 832 1145 871; x_wconf 89' lang='lat' dir='ltr'>in</span> <span class='ocrx_word' id='word_1_52' title='bbox 1161 832 1316 873; x_wconf 86' lang='lat' dir='ltr'>umbra</span> 
     </span>
     <span class='ocr_line' id='line_1_9' title="bbox 237 899 1439 955; baseline -0.005 -12"><span class='ocrx_word' id='word_1_53' title='bbox 237 902 436 944; x_wconf 77' lang='lat' dir='ltr'>Prodidit</span> <span class='ocrx_word' id='word_1_54' title='bbox 453 904 759 945; x_wconf 72' lang='lat' dir='ltr'>immemorem</span> <span class='ocrx_word' id='word_1_55' title='bbox 777 935 786 950; x_wconf 88' lang='lat'><strong>‚</strong></span> <span class='ocrx_word' id='word_1_56' title='bbox 807 901 1026 955; x_wconf 85' lang='lat' dir='ltr'>radiisque</span> <span class='ocrx_word' id='word_1_57' title='bbox 1057 902 1237 942; x_wconf 83' lang='lat' dir='ltr'>adversa</span> <span class='ocrx_word' id='word_1_58' title='bbox 1255 899 1439 942; x_wconf 74' lang='lat' dir='ltr'><strong>refulsit.</strong></span> 
     </span>
     <span class='ocr_line' id='line_1_10' title="bbox 236 969 1544 1022; baseline -0.002 -10"><span class='ocrx_word' id='word_1_59' title='bbox 236 972 361 1013; x_wconf 82' lang='lat' dir='ltr'>Haud</span> <span class='ocrx_word' id='word_1_60' title='bbox 377 976 541 1014; x_wconf 79' lang='lat' dir='ltr'>temere</span> <span class='ocrx_word' id='word_1_61' title='bbox 551 972 783 1013; x_wconf 86' lang='lat' dir='ltr'>estvisum.</span> <span class='ocrx_word' id='word_1_62' title='bbox 799 971 1055 1013; x_wconf 83' lang='lat' dir='ltr'>Conclamat</span> <span class='ocrx_word' id='word_1_63' title='bbox 1065 970 1117 1011; x_wconf 85' lang='lat' dir='ltr'>ab</span> <span class='ocrx_word' id='word_1_64' title='bbox 1131 969 1520 1022; x_wconf 79' lang='lat' dir='ltr'>agminevolseens</span> <span class='ocrx_word' id='word_1_65' title='bbox 1537 988 1544 1010; x_wconf 94' lang='lat'>·.</span> 
     </span>
     <span class='ocr_line' id='line_1_11' title="bbox 239 1040 1465 1094; baseline -0.001 -13"><span class='ocrx_word' id='word_1_66' title='bbox 239 1055 256 1076; x_wconf 73' lang='grc' dir='ltr'>ι</span> <span class='ocrx_word' id='word_1_67' title='bbox 276 1042 415 1087; x_wconf 86' lang='lat' dir='ltr'>State,</span> <span class='ocrx_word' id='word_1_68' title='bbox 434 1041 519 1081; x_wconf 84' lang='lat' dir='ltr'>viri</span> <span class='ocrx_word' id='word_1_69' title='bbox 537 1056 546 1087; x_wconf 89' lang='lat'><strong>;</strong></span> <span class='ocrx_word' id='word_1_70' title='bbox 566 1052 661 1094; x_wconf 82' lang='lat' dir='ltr'>quae</span> <span class='ocrx_word' id='word_1_71' title='bbox 682 1052 812 1083; x_wconf 82' lang='lat' dir='ltr'>cansa</span> <span class='ocrx_word' id='word_1_72' title='bbox 829 1041 940 1081; x_wconf 71' lang='lat' dir='ltr'>viee?</span> <span class='ocrx_word' id='word_1_73' title='bbox 961 1042 1092 1093; x_wconf 88' lang='lat' dir='ltr'>quive</span> <span class='ocrx_word' id='word_1_74' title='bbox 1112 1042 1214 1083; x_wconf 86' lang='lat' dir='ltr'>estis</span> <span class='ocrx_word' id='word_1_75' title='bbox 1232 1040 1278 1081; x_wconf 88' lang='lat' dir='ltr'>in</span> <span class='ocrx_word' id='word_1_76' title='bbox 1296 1040 1430 1081; x_wconf 83' lang='lat' dir='ltr'>armis</span> <span class='ocrx_word' id='word_1_77' title='bbox 1446 1042 1465 1080; x_wconf 73' lang='lat' dir='ltr'>i&gt;</span> 
     </span>
     <span class='ocr_line' id='line_1_12' title="bbox 235 1108 1357 1159; baseline 0 -9"><span class='ocrx_word' id='word_1_78' title='bbox 235 1112 389 1159; x_wconf 85' lang='lat' dir='ltr'>Quove</span> <span class='ocrx_word' id='word_1_79' title='bbox 409 1110 564 1152; x_wconf 87' lang='lat' dir='ltr'>tenetis</span> <span class='ocrx_word' id='word_1_80' title='bbox 580 1111 693 1153; x_wconf 84' lang='lat' dir='ltr'>iter?</span> <span class='ocrx_word' id='word_1_81' title='bbox 714 1125 730 1146; x_wconf 70' lang='lat' dir='ltr'>n</span> <span class='ocrx_word' id='word_1_82' title='bbox 753 1108 872 1150; x_wconf 84' lang='lat' dir='ltr'>Nihil</span> <span class='ocrx_word' id='word_1_83' title='bbox 893 1109 958 1150; x_wconf 87' lang='lat' dir='ltr'>illi</span> <span class='ocrx_word' id='word_1_84' title='bbox 978 1108 1163 1151; x_wconf 86' lang='lat' dir='ltr'>tendere</span> <span class='ocrx_word' id='word_1_85' title='bbox 1178 1111 1357 1157; x_wconf 75' lang='lat' dir='ltr'>contr33</span> 
     </span>
     <span class='ocr_line' id='line_1_13' title="bbox 235 1178 1329 1230; baseline 0 -12"><span class='ocrx_word' id='word_1_86' title='bbox 235 1179 321 1220; x_wconf 81' lang='lat' dir='ltr'>Sed</span> <span class='ocrx_word' id='word_1_87' title='bbox 338 1179 530 1222; x_wconf 83' lang='lat' dir='ltr'>celerare</span> <span class='ocrx_word' id='word_1_88' title='bbox 551 1178 700 1230; x_wconf 75' lang='lat' dir='ltr'>fugam</span> <span class='ocrx_word' id='word_1_89' title='bbox 719 1179 765 1219; x_wconf 89' lang='lat' dir='ltr'>in</span> <span class='ocrx_word' id='word_1_90' title='bbox 783 1178 913 1220; x_wconf 87' lang='lat' dir='ltr'>silvas</span> <span class='ocrx_word' id='word_1_91' title='bbox 931 1210 940 1224; x_wconf 82' lang='grc'>,</span> <span class='ocrx_word' id='word_1_92' title='bbox 972 1181 1016 1218; x_wconf 84' lang='lat' dir='ltr'>et</span> <span class='ocrx_word' id='word_1_93' title='bbox 1036 1178 1173 1220; x_wconf 84' lang='lat' dir='ltr'>fidere</span> <span class='ocrx_word' id='word_1_94' title='bbox 1194 1179 1329 1220; x_wconf 85' lang='lat' dir='ltr'>noeti.</span> 
     </span>
     <span class='ocr_line' id='line_1_14' title="bbox 234 1247 1150 1302; baseline 0 -14"><span class='ocrx_word' id='word_1_95' title='bbox 234 1248 457 1299; x_wconf 79' lang='lat' dir='ltr'>objiciunt</span> <span class='ocrx_word' id='word_1_96' title='bbox 471 1249 638 1302; x_wconf 82' lang='lat' dir='ltr'>equites</span> <span class='ocrx_word' id='word_1_97' title='bbox 655 1260 748 1290; x_wconf 88' lang='lat' dir='ltr'>sese</span> <span class='ocrx_word' id='word_1_98' title='bbox 769 1248 822 1290; x_wconf 87' lang='lat' dir='ltr'>ad</span> <span class='ocrx_word' id='word_1_99' title='bbox 841 1247 1028 1290; x_wconf 88' lang='lat' dir='ltr'>divortia</span> <span class='ocrx_word' id='word_1_100' title='bbox 1046 1251 1150 1289; x_wconf 86' lang='lat' dir='ltr'>nota</span> 
     </span>
     <span class='ocr_line' id='line_1_15' title="bbox 237 1317 1545 1372; baseline 0.001 -14"><span class='ocrx_word' id='word_1_101' title='bbox 237 1319 288 1358; x_wconf 89' lang='lat' dir='ltr'>Hi</span> <span class='ocrx_word' id='word_1_102' title='bbox 298 1329 351 1360; x_wconf 88' lang='lat' dir='ltr'>nc</span> <span class='ocrx_word' id='word_1_103' title='bbox 366 1323 497 1372; x_wconf 86' lang='lat' dir='ltr'>atque</span> <span class='ocrx_word' id='word_1_104' title='bbox 513 1319 632 1365; x_wconf 87' lang='lat' dir='ltr'>hinc,</span> <span class='ocrx_word' id='word_1_105' title='bbox 649 1329 913 1371; x_wconf 85' lang='lat' dir='ltr'>omnemque</span> <span class='ocrx_word' id='word_1_106' title='bbox 927 1318 1095 1360; x_wconf 86' lang='lat' dir='ltr'>abitum</span> <span class='ocrx_word' id='word_1_107' title='bbox 1110 1317 1293 1362; x_wconf 85' lang='lat' dir='ltr'>custode</span> <span class='ocrx_word' id='word_1_108' title='bbox 1310 1322 1545 1361; x_wconf 82' lang='lat' dir='ltr'>coronant.</span> 
     </span>
     <span class='ocr_line' id='line_1_16' title="bbox 234 1387 1161 1440; baseline 0.002 -13"><span class='ocrx_word' id='word_1_109' title='bbox 234 1387 350 1429; x_wconf 84' lang='lat' dir='ltr'>Silva</span> <span class='ocrx_word' id='word_1_110' title='bbox 370 1387 472 1435; x_wconf 80' lang='lat' dir='ltr'>fuit,</span> <span class='ocrx_word' id='word_1_111' title='bbox 495 1388 582 1430; x_wconf 83' lang='lat' dir='ltr'>late</span> <span class='ocrx_word' id='word_1_112' title='bbox 602 1388 743 1429; x_wconf 83' lang='lat' dir='ltr'>dumis</span> <span class='ocrx_word' id='word_1_113' title='bbox 768 1393 897 1440; x_wconf 79' lang='lat' dir='ltr'>atque</span> <span class='ocrx_word' id='word_1_114' title='bbox 917 1389 1016 1429; x_wconf 80' lang='lat' dir='ltr'>ilice</span> <span class='ocrx_word' id='word_1_115' title='bbox 1034 1389 1161 1440; x_wconf 80' lang='lat' dir='ltr'>nigra</span> 
     </span>
     <span class='ocr_line' id='line_1_17' title="bbox 238 1455 1439 1512; baseline 0.004 -16"><span class='ocrx_word' id='word_1_116' title='bbox 238 1456 449 1505; x_wconf 85' lang='lat' dir='ltr'>Horrida,</span> <span class='ocrx_word' id='word_1_117' title='bbox 469 1470 599 1511; x_wconf 84' lang='lat' dir='ltr'>quam</span> <span class='ocrx_word' id='word_1_118' title='bbox 620 1457 743 1499; x_wconf 89' lang='lat' dir='ltr'>densi</span> <span class='ocrx_word' id='word_1_119' title='bbox 763 1455 1040 1512; x_wconf 78' lang='lat' dir='ltr'>complerant</span> <span class='ocrx_word' id='word_1_120' title='bbox 1054 1457 1248 1512; x_wconf 87' lang='lat' dir='ltr'>undique</span> <span class='ocrx_word' id='word_1_121' title='bbox 1267 1461 1439 1508; x_wconf 85' lang='lat' dir='ltr'>sentes;</span> 
     </span>
     <span class='ocr_line' id='line_1_18' title="bbox 238 1525 1200 1579; baseline 0.002 -15"><span class='ocrx_word' id='word_1_122' title='bbox 238 1527 351 1567; x_wconf 79' lang='lat' dir='ltr'>Rara</span> <span class='ocrx_word' id='word_1_123' title='bbox 375 1537 453 1579; x_wconf 77' lang='lat' dir='ltr'>per</span> <span class='ocrx_word' id='word_1_124' title='bbox 472 1527 670 1568; x_wconf 82' lang='lat' dir='ltr'>occultos</span> <span class='ocrx_word' id='word_1_125' title='bbox 690 1525 862 1568; x_wconf 79' lang='lat' dir='ltr'>lucebat</span> <span class='ocrx_word' id='word_1_126' title='bbox 882 1525 1035 1567; x_wconf 84' lang='lat' dir='ltr'>semita</span> <span class='ocrx_word' id='word_1_127' title='bbox 1055 1525 1200 1568; x_wconf 84' lang='lat' dir='ltr'>calles.</span> 
     </span>
     <span class='ocr_line' id='line_1_19' title="bbox 238 1596 1388 1650; baseline 0.002 -14"><span class='ocrx_word' id='word_1_128' title='bbox 238 1598 472 1647; x_wconf 80' lang='lat' dir='ltr'>Euryalum</span> <span class='ocrx_word' id='word_1_129' title='bbox 495 1596 686 1638; x_wconf 83' lang='lat' dir='ltr'>tenebrae</span> <span class='ocrx_word' id='word_1_130' title='bbox 701 1606 926 1637; x_wconf 85' lang='lat' dir='ltr'>ramorum</span> <span class='ocrx_word' id='word_1_131' title='bbox 948 1605 1222 1649; x_wconf 82' lang='lat' dir='ltr'>onerosaque</span> <span class='ocrx_word' id='word_1_132' title='bbox 1238 1597 1388 1650; x_wconf 81' lang='lat' dir='ltr'>praeda</span> 
     </span>
     <span class='ocr_line' id='line_1_20' title="bbox 237 1665 1297 1719; baseline 0.003 -13"><span class='ocrx_word' id='word_1_133' title='bbox 237 1666 514 1718; x_wconf 81' lang='lat' dir='ltr'>Impediunt,</span> <span class='ocrx_word' id='word_1_134' title='bbox 544 1665 738 1718; x_wconf 80' lang='lat' dir='ltr'>fallitque</span> <span class='ocrx_word' id='word_1_135' title='bbox 756 1666 887 1708; x_wconf 78' lang='lat' dir='ltr'>timor</span> <span class='ocrx_word' id='word_1_136' title='bbox 903 1667 1085 1719; x_wconf 82' lang='lat' dir='ltr'>regione</span> <span class='ocrx_word' id='word_1_137' title='bbox 1106 1668 1297 1709; x_wconf 89' lang='lat' dir='ltr'>viarum.</span> 
     </span>
     <span class='ocr_line' id='line_1_21' title="bbox 237 1735 1383 1790; baseline 0.004 -14"><span class='ocrx_word' id='word_1_138' title='bbox 237 1735 364 1776; x_wconf 79' lang='lat' dir='ltr'>Nisus</span> <span class='ocrx_word' id='word_1_139' title='bbox 386 1736 501 1779; x_wconf 79' lang='lat' dir='ltr'>abit:</span> <span class='ocrx_word' id='word_1_140' title='bbox 520 1738 697 1789; x_wconf 85' lang='lat' dir='ltr'>jamque</span> <span class='ocrx_word' id='word_1_141' title='bbox 715 1736 972 1790; x_wconf 83' lang='lat' dir='ltr'>imprudens</span> <span class='ocrx_word' id='word_1_142' title='bbox 991 1742 1189 1779; x_wconf 82' lang='lat' dir='ltr'>evaserat</span> <span class='ocrx_word' id='word_1_143' title='bbox 1209 1737 1358 1779; x_wconf 75' lang='lat' dir='ltr'>hostes</span> <span class='ocrx_word' id='word_1_144' title='bbox 1376 1769 1383 1782; x_wconf 85' lang='lat'><em>.</em></span> 
     </span>
     <span class='ocr_line' id='line_1_22' title="bbox 236 1806 1282 1859; baseline 0.002 -13"><span class='ocrx_word' id='word_1_145' title='bbox 236 1808 378 1859; x_wconf 80' lang='lat' dir='ltr'>Atque</span> <span class='ocrx_word' id='word_1_146' title='bbox 393 1806 512 1849; x_wconf 85' lang='lat' dir='ltr'>lacus</span> <span class='ocrx_word' id='word_1_147' title='bbox 532 1838 541 1856; x_wconf 83' lang='lat'>,</span> <span class='ocrx_word' id='word_1_148' title='bbox 560 1807 633 1859; x_wconf 87' lang='lat' dir='ltr'>qui</span> <span class='ocrx_word' id='word_1_149' title='bbox 654 1810 752 1859; x_wconf 85' lang='lat' dir='ltr'>post</span> <span class='ocrx_word' id='word_1_150' title='bbox 772 1807 888 1848; x_wconf 77' lang='lat' dir='ltr'>Albae</span> <span class='ocrx_word' id='word_1_151' title='bbox 906 1806 958 1847; x_wconf 91' lang='lat' dir='ltr'>de</span> <span class='ocrx_word' id='word_1_152' title='bbox 975 1807 1157 1849; x_wconf 87' lang='lat' dir='ltr'>nomine</span> <span class='ocrx_word' id='word_1_153' title='bbox 1176 1807 1282 1849; x_wconf 81' lang='lat' dir='ltr'>dieti</span> 
     </span>
     <span class='ocr_line' id='line_1_23' title="bbox 236 1874 1325 1924; baseline 0.002 -8"><span class='ocrx_word' id='word_1_154' title='bbox 236 1877 391 1917; x_wconf 78' lang='lat' dir='ltr'>Albani</span> <span class='ocrx_word' id='word_1_155' title='bbox 408 1893 418 1924; x_wconf 85' lang='grc'><strong>;</strong></span> <span class='ocrx_word' id='word_1_156' title='bbox 439 1880 534 1918; x_wconf 90' lang='lat' dir='ltr'>tum</span> <span class='ocrx_word' id='word_1_157' title='bbox 554 1886 628 1917; x_wconf 84' lang='lat' dir='ltr'>rex</span> <span class='ocrx_word' id='word_1_158' title='bbox 646 1877 813 1918; x_wconf 82' lang='lat' dir='ltr'>stabula</span> <span class='ocrx_word' id='word_1_159' title='bbox 829 1878 914 1918; x_wconf 83' lang='lat' dir='ltr'>alta</span> <span class='ocrx_word' id='word_1_160' title='bbox 931 1876 1107 1916; x_wconf 81' lang='lat' dir='ltr'>Lalinus</span> <span class='ocrx_word' id='word_1_161' title='bbox 1121 1874 1325 1918; x_wconf 82' lang='lat' dir='ltr'>habebat.</span> 
     </span>
     <span class='ocr_line' id='line_1_24' title="bbox 237 1944 1386 1998; baseline -0.003 -13"><span class='ocrx_word' id='word_1_162' title='bbox 237 1947 294 1984; x_wconf 88' lang='lat' dir='ltr'>Ut</span> <span class='ocrx_word' id='word_1_163' title='bbox 311 1945 453 1991; x_wconf 82' lang='lat' dir='ltr'>stetit,</span> <span class='ocrx_word' id='word_1_164' title='bbox 477 1950 521 1986; x_wconf 80' lang='lat' dir='ltr'>et</span> <span class='ocrx_word' id='word_1_165' title='bbox 540 1944 695 1986; x_wconf 79' lang='lat' dir='ltr'>smstra</span> <span class='ocrx_word' id='word_1_166' title='bbox 714 1945 941 1987; x_wconf 84' lang='lat' dir='ltr'>absentem</span> <span class='ocrx_word' id='word_1_167' title='bbox 954 1944 1144 1998; x_wconf 80' lang='lat' dir='ltr'>respexit</span> <span class='ocrx_word' id='word_1_168' title='bbox 1163 1944 1353 1987; x_wconf 83' lang='lat' dir='ltr'>amicum</span> <span class='ocrx_word' id='word_1_169' title='bbox 1378 1960 1386 1982; x_wconf 73' lang='grc' dir='ltr'>ι</span> 
     </span>
     <span class='ocr_line' id='line_1_25' title="bbox 238 2014 1227 2067; baseline 0.003 -15"><span class='ocrx_word' id='word_1_170' title='bbox 238 2029 256 2052; x_wconf 72' lang='grc' dir='ltr'><strong>α</strong></span> <span class='ocrx_word' id='word_1_171' title='bbox 275 2016 483 2066; x_wconf 78' lang='lat' dir='ltr'>Euryale,</span> <span class='ocrx_word' id='word_1_172' title='bbox 504 2014 654 2057; x_wconf 75' lang='lat' dir='ltr'>infelix</span> <span class='ocrx_word' id='word_1_173' title='bbox 673 2026 758 2067; x_wconf 78' lang='lat' dir='ltr'>qua</span> <span class='ocrx_word' id='word_1_174' title='bbox 779 2019 820 2058; x_wconf 87' lang='lat' dir='ltr'>te</span> <span class='ocrx_word' id='word_1_175' title='bbox 838 2016 1016 2067; x_wconf 72' lang='lat' dir='ltr'>regione</span> <span class='ocrx_word' id='word_1_176' title='bbox 1035 2014 1227 2067; x_wconf 76' lang='lat' dir='ltr'>reliqui?</span> 
     </span>
     <span class='ocr_line' id='line_1_26' title="bbox 236 2084 1546 2138; baseline -0.001 -14"><span class='ocrx_word' id='word_1_177' title='bbox 236 2085 386 2131; x_wconf 81' lang='lat' dir='ltr'>Quave</span> <span class='ocrx_word' id='word_1_178' title='bbox 397 2085 580 2136; x_wconf 83' lang='lat' dir='ltr'>sequar?</span> <span class='ocrx_word' id='word_1_179' title='bbox 597 2099 612 2120; x_wconf 82' lang='lat'>»</span> <span class='ocrx_word' id='word_1_180' title='bbox 627 2087 792 2126; x_wconf 80' lang='lat' dir='ltr'>Rursus</span> <span class='ocrx_word' id='word_1_181' title='bbox 806 2085 1059 2138; x_wconf 83' lang='lat' dir='ltr'>perplexum</span> <span class='ocrx_word' id='word_1_182' title='bbox 1073 2084 1155 2125; x_wconf 80' lang='lat' dir='ltr'>iter</span> <span class='ocrx_word' id='word_1_183' title='bbox 1168 2095 1300 2126; x_wconf 86' lang='lat' dir='ltr'>omne</span> <span class='ocrx_word' id='word_1_184' title='bbox 1311 2084 1546 2126; x_wconf 80' lang='lat' dir='ltr'>revolvens</span> 
     </span>
     <span class='ocr_line' id='line_1_27' title="bbox 236 2153 1124 2206; baseline 0.001 -13"><span class='ocrx_word' id='word_1_185' title='bbox 236 2154 416 2196; x_wconf 83' lang='lat' dir='ltr'>Fallacis</span> <span class='ocrx_word' id='word_1_186' title='bbox 435 2153 555 2195; x_wconf 75' lang='lat' dir='ltr'>sllvae</span> <span class='ocrx_word' id='word_1_187' title='bbox 572 2183 581 2200; x_wconf 93' lang='lat'>,</span> <span class='ocrx_word' id='word_1_188' title='bbox 596 2153 725 2195; x_wconf 87' lang='lat' dir='ltr'>simul</span> <span class='ocrx_word' id='word_1_189' title='bbox 745 2156 788 2196; x_wconf 87' lang='lat' dir='ltr'>et</span> <span class='ocrx_word' id='word_1_190' title='bbox 806 2154 987 2206; x_wconf 78' lang='lat' dir='ltr'>vestigia</span> <span class='ocrx_word' id='word_1_191' title='bbox 1006 2157 1124 2195; x_wconf 87' lang='lat' dir='ltr'>retro</span> 
     </span>
     <span class='ocr_line' id='line_1_28' title="bbox 234 2222 1280 2275; baseline 0.001 -13"><span class='ocrx_word' id='word_1_192' title='bbox 234 2224 475 2265; x_wconf 84' lang='lat' dir='ltr'>Observata</span> <span class='ocrx_word' id='word_1_193' title='bbox 491 2222 600 2275; x_wconf 76' lang='lat' dir='ltr'>legit</span> <span class='ocrx_word' id='word_1_194' title='bbox 617 2253 627 2268; x_wconf 83' lang='lat'>,</span> <span class='ocrx_word' id='word_1_195' title='bbox 655 2222 886 2274; x_wconf 85' lang='lat' dir='ltr'>dumisque</span> <span class='ocrx_word' id='word_1_196' title='bbox 903 2222 1131 2264; x_wconf 76' lang='lat' dir='ltr'>silentibus</span> <span class='ocrx_word' id='word_1_197' title='bbox 1146 2227 1280 2265; x_wconf 78' lang='lat' dir='ltr'>errat.</span> 
     </span>
     <span class='ocr_line' id='line_1_29' title="bbox 236 2291 1409 2346; baseline -0.003 -13"><span class='ocrx_word' id='word_1_198' title='bbox 236 2291 374 2333; x_wconf 73' lang='lat' dir='ltr'>Audit</span> <span class='ocrx_word' id='word_1_199' title='bbox 389 2303 548 2345; x_wconf 83' lang='lat' dir='ltr'>equos,</span> <span class='ocrx_word' id='word_1_200' title='bbox 571 2292 693 2333; x_wconf 85' lang='lat' dir='ltr'>audit</span> <span class='ocrx_word' id='word_1_201' title='bbox 711 2291 916 2346; x_wconf 84' lang='lat' dir='ltr'>strepitus</span> <span class='ocrx_word' id='word_1_202' title='bbox 931 2295 975 2333; x_wconf 87' lang='lat' dir='ltr'>et</span> <span class='ocrx_word' id='word_1_203' title='bbox 989 2292 1113 2345; x_wconf 83' lang='lat' dir='ltr'>signa</span> <span class='ocrx_word' id='word_1_204' title='bbox 1129 2293 1409 2343; x_wconf 78' lang='lat' dir='ltr'>sequentum.</span> 
     </span>
     <span class='ocr_line' id='line_1_30' title="bbox 241 2360 1545 2415; baseline -0.002 -14"><span class='ocrx_word' id='word_1_205' title='bbox 241 2366 327 2404; x_wconf 72' lang='lat' dir='ltr'>Nec</span> <span class='ocrx_word' id='word_1_206' title='bbox 346 2363 528 2415; x_wconf 79' lang='lat' dir='ltr'>longum</span> <span class='ocrx_word' id='word_1_207' title='bbox 550 2363 594 2402; x_wconf 89' lang='lat' dir='ltr'>in</span> <span class='ocrx_word' id='word_1_208' title='bbox 614 2361 762 2404; x_wconf 89' lang='lat' dir='ltr'>medio</span> <span class='ocrx_word' id='word_1_209' title='bbox 782 2365 978 2415; x_wconf 49' lang='lat' dir='ltr'>tempu&amp;</span> <span class='ocrx_word' id='word_1_210' title='bbox 1000 2371 1136 2415; x_wconf 88' lang='lat' dir='ltr'>quum</span> <span class='ocrx_word' id='word_1_211' title='bbox 1151 2360 1323 2404; x_wconf 84' lang='lat' dir='ltr'>elamor</span> <span class='ocrx_word' id='word_1_212' title='bbox 1342 2360 1397 2401; x_wconf 86' lang='lat' dir='ltr'>ad</span> <span class='ocrx_word' id='word_1_213' title='bbox 1420 2372 1545 2402; x_wconf 46' lang='lat' dir='ltr'>aure,=</span> 
     </span>
     <span class='ocr_line' id='line_1_31' title="bbox 239 2429 1525 2483; baseline -0.001 -12"><span class='ocrx_word' id='word_1_214' title='bbox 239 2432 460 2479; x_wconf 77' lang='lat' dir='ltr'>Pervenit,</span> <span class='ocrx_word' id='word_1_215' title='bbox 480 2443 529 2473; x_wconf 79' lang='lat' dir='ltr'>ac</span> <span class='ocrx_word' id='word_1_216' title='bbox 542 2430 661 2473; x_wconf 82' lang='lat' dir='ltr'>videt</span> <span class='ocrx_word' id='word_1_217' title='bbox 679 2430 939 2483; x_wconf 73' lang='lat' dir='ltr'>Euryalum,</span> <span class='ocrx_word' id='word_1_218' title='bbox 958 2442 1089 2483; x_wconf 86' lang='lat' dir='ltr'>quem</span> <span class='ocrx_word' id='word_1_219' title='bbox 1104 2431 1194 2482; x_wconf 82' lang='lat' dir='ltr'>jam</span> <span class='ocrx_word' id='word_1_220' title='bbox 1212 2441 1365 2472; x_wconf 82' lang='lat' dir='ltr'>manus</span> <span class='ocrx_word' id='word_1_221' title='bbox 1381 2429 1525 2471; x_wconf 81' lang='lat' dir='ltr'>omnis</span> 
     </span>
    </p>
   </div>
  </div>
 </body>
</html>
