1917 2942
684 316 1097 384 AENElDOS

567 507 791 556 LIBER
842 507 1216 566 QUARTUS.

241 706 986 761 QQQQQQQQQQQQQQ
1003 709 1550 764 AQJQQQAQQQJQQ

243 914 334 948 Dolo
353 914 515 949 Junonis
532 916 567 949 et
581 913 771 950 adnuente
782 917 939 958 Venere,
968 916 1131 959 hospitis
1146 917 1301 959 Trojani
1317 925 1449 952 amore
1465 926 1550 953 cor-

287 977 395 1017 repta
412 974 546 1010 infelix
565 974 672 1016 Dido,
698 978 814 1015 Auuae
830 977 952 1013 sorori
970 977 1096 1012 animi
1115 978 1252 1013 vulnus
1268 979 1406 1022 aperit,
1424 978 1554 1014 illius-

284 1043 358 1078 que
369 1036 520 1070 firmata
534 1035 720 1077 consiliis,
732 1036 777 1072 de
789 1038 936 1082 nuptiis
951 1038 1195 1083 cogitat.sed‚
1211 1039 1431 1083 imperante
1448 1043 1553 1081 Jove,

288 1095 448 1130 classen]
469 1098 601 1131 AEneas
621 1096 779 1137 revisit,
798 1100 835 1132 et
859 1099 994 1142 sugam
1013 1106 1148 1141 parare
1174 1099 1435 1143 sociosjubet;
1454 1100 1556 1143 quod

287 1165 408 1199 quum
429 1156 524 1191 Dido
540 1156 739 1200 sensisset,
757 1161 897 1193 AEnean
919 1162 1090 1201 occupat,
1112 1159 1291 1204 nihilque
1310 1169 1387 1195 non
1420 1163 1554 1199 tentat,

288 1218 328 1250 ut
360 1217 590 1259 aproposito
608 1222 782 1254 mentem
810 1222 960 1255 revocet
979 1230 987 1252 :
1006 1220 1071 1255 sed
1097 1220 1251 1256 frustra.
1283 1224 1416 1256 AEneas
1445 1221 1553 1256 enim

286 1276 431 1312 iterum
448 1278 490 1312 iu
510 1277 658 1313 somnis
682 1287 702 1313 a
724 1279 916 1314 Mercurio
948 1280 1171 1316 admonitus
1186 1308 1195 1321 ,
1228 1290 1387 1317 ancoras
1412 1282 1555 1317 intem-

287 1345 391 1385 pesta
406 1341 517 1374 nocte
528 1340 653 1376 solvit.
672 1341 819 1376 Doloris
831 1337 1042 1385 impatiens
1060 1341 1168 1383 Dido,
1185 1344 1419 1377 exstructam
1434 1341 1559 1377 simu-

289 1402 432 1436 latione
452 1401 552 1436 sacri
572 1401 717 1445 magici
730 1410 869 1445 pyram
887 1401 1123 1443 conscendit,
1140 1401 1295 1446 sibique
1310 1411 1459 1445 neceni,
1475 1403 1558 1447 ipso

290 1464 416 1497 AEneae
435 1461 583 1506 gladio,
602 1462 821 1499 consciscit.

248 1641 304 1679 At
321 1638 474 1689 regina
494 1637 615 1689 gravi
628 1639 720 1689 jam
737 1637 902 1679 dudum
922 1638 1071 1680 saucia
1087 1649 1194 1680 cura

246 1708 421 1750 Vulnus
442 1708 522 1749 alit
536 1707 673 1756 venis,
694 1712 739 1750 et
757 1719 875 1751 caeco
892 1707 1088 1762 carpitur
1110 1707 1217 1760 igni.

247 1777 386 1818 Multa
400 1778 484 1819 viri
499 1778 637 1819 virtus
657 1777 820 1824 animo,
840 1778 1094 1828 multusque
1111 1779 1312 1819 recursat

247 1848 403 1889 Gentis
419 1847 561 1889 honos
576 1865 585 1896 ;
602 1847 773 1890 haerent
787 1847 909 1889 infixi
932 1852 1107 1902 pectore
1127 1847 1295 1897 vultus,

247 1917 500 1971 Verbaque3
521 1928 604 1959 nec
623 1917 844 1969 placidam
858 1917 1067 1959 memhris
1083 1916 1159 1958 dat
1176 1930 1281 1960 eura
1299 1919 1508 1971 quietem.

251 1991 431 2031 Postera
447 1987 643 2030 Phoebea
657 1988 873 2030 lustrabat
894 1986 1098 2040 lampade
1118 1991 1268 2035 terras.

247 2062 608 2111 Humentemque
628 2061 800 2100 Aurora
819 2059 918 2112 polo
937 2058 1183 2100 dimoverat
1200 2059 1429 2106 umhrann

252 2131 398 2179 Quum
424 2129 487 2170 sic
511 2129 770 2170 unanimam
785 2128 1044 2181 adloquitur
1065 2127 1180 2179 male
1200 2140 1308 2170 sana
1325 2138 1528 2170 sororem
1549 2142 1557 2164 ε

305 2212 320 2233 «
344 2200 474 2238 Anna
497 2208 635 2243 soror,
659 2208 755 2249 qua}
771 2208 842 2239 me
859 2208 1115 2251 suspensam
1129 2197 1351 2239 insomnia
1369 2200 1559 2239 terrent!

251 2268 357 2319 Quis
373 2279 514 2309 novus
528 2267 601 2309 hic
616 2267 778 2309 nostris
794 2267 1005 2309 successit
1028 2266 1204 2309 sedibus
1221 2267 1404 2320 hospes!

253 2340 393 2387 Quem
414 2348 507 2380 sese
522 2347 600 2379 ore
618 2335 782 2379 serens!
802 2348 934 2390 quam
953 2335 1058 2378 forti
1076 2339 1271 2388 pectore,
1295 2339 1339 2378 et
1357 2336 1510 2377 armis!

253 2406 395 2449 Credo
410 2406 630 2459 equidem,
652 2415 734 2449 nec
750 2417 862 2448 vana
882 2403 1002 2453 sides,
1034 2416 1173 2458 genus
1194 2415 1286 2448 esse
1303 2405 1509 2448 deorum.

1692 99 1699 101 ·
1712 99 1827 127 “We-’z
