1917 2942
229 299 304 338 5¹48
769 303 932 343 LIBER
962 304 1013 341 11.
1494 308 1541 346 87

232 389 321 428 Aut
339 388 530 440 lapidem
545 389 746 430 bibulum
765 419 775 439 ‚
801 391 876 430 aut
894 390 1143 442 squalentes
1159 388 1310 432 infode
1327 392 1541 441 conchas:

230 458 352 497 Inter
370 458 488 496 enim
502 457 710 499 labentur
724 469 848 511 aquae
867 490 876 505 ,
909 457 1141 511 tenuisque
1158 458 1322 500 subibit

231 523 427 571 Halitus,
451 527 581 578 atque
597 528 767 568 animos
787 527 946 569 tollent
962 528 1069 568 sata.
1086 530 1273 579 Jamque
1288 530 1450 582 reperti
1470 560 1478 574 ,

231 594 312 642 Qui
334 605 436 636 saxo
453 607 601 648 super,
624 599 755 649 atque
773 596 965 650 ingentis
989 596 1186 649 pondere
1208 600 1328 640 testae
1346 630 1355 646 ,

232 666 453 716 Urgerent
472 682 481 706 ι
506 665 591 708 hoc
607 665 769 708 effusos
784 667 1013 709 munimen
1031 667 1085 708 ad
1104 667 1291 715 imbres3

233 737 354 782 Hoc,
377 736 451 777 ubi
468 736 615 779 hiulca
632 737 702 778 siti
720 736 851 778 findit
873 738 1000 778 Canis
1021 737 1183 779 aestifer
1203 748 1324 779 arva.

284 806 532 847 Seminibus
550 806 725 858 positis,
747 810 948 861 superest
965 806 1186 850 deducere
1208 810 1368 850 terram

233 877 399 928 Saepius
415 874 469 916 ad
489 876 654 928 capita,
679 879 723 918 et
741 876 875 918 duros
889 879 1059 928 jactare
1079 876 1306 924 bidentes:

234 946 323 985 Aut
340 956 490 997 presso
506 956 709 988 exercere
727 946 872 988 solum
892 947 971 988 sub
990 958 1185 996 vomere,
1207 949 1252 989 et
1268 948 1362 1001 ipsa

233 1014 428 1058 Flectere
446 1016 663 1058 luctantes
679 1018 794 1060 inter
811 1018 957 1059 vineta
970 1018 1201 1067 Juvencos.

230 1089 340 1127 Tum
357 1085 474 1127 leves
489 1086 700 1133 calamos,
725 1088 768 1127 et
787 1097 894 1127 rasae
909 1085 1080 1128 hastilia
1097 1087 1232 1139 virgae
1248 1117 1257 1132 ‚

234 1154 552 1206 Fraxineasque
574 1156 723 1208 aptare
743 1154 872 1196 sudes
891 1153 1123 1207 furcasque
1142 1156 1348 1198 bicornes
1366 1172 1375 1194 ι

233 1222 408 1264 Viribus
425 1223 532 1266 eniti
553 1235 766 1276 quarum,
789 1228 833 1267 et
849 1226 1136 1267 contemnere
1154 1226 1310 1267 ventos

236 1291 509 1334 Adsuescant
528 1325 536 1341 ‚
559 1304 838 1346 summasque
857 1294 979 1346 sequi
1005 1293 1196 1336 tabulata
1215 1306 1292 1348 per
1308 1295 1464 1337 ulmos.

288 1364 352 1403 Ac
372 1393 380 1409 ‚
398 1359 506 1402 dum
521 1364 665 1415 pri-ma
682 1363 812 1405 novis
829 1362 1040 1406 adolescit
1063 1361 1292 1405 frondibus
1312 1367 1437 1411 aetas,

234 1429 510 1473 Parcendum
532 1433 717 1475 teneris:
743 1437 787 1476 et
805 1466 812 1481 ‚
837 1433 942 1475 dum
962 1445 1008 1475 se
1028 1433 1153 1475 laetus
1170 1433 1226 1475 ad
1246 1445 1371 1476 auras

235 1502 406 1543 palmes
428 1502 541 1554 agit,
564 1503 669 1544 laxis
689 1514 768 1557 per
786 1515 950 1557 purum
968 1503 1188 1544 immissus
1206 1502 1410 1550 habenis,

240 1574 335 1623 ipsa
351 1572 444 1614 acie
458 1570 660 1613 nondum
677 1570 796 1614 salcis
814 1572 1027 1614 tentanda
1044 1589 1053 1613 ι
1073 1571 1151 1615 sed
1169 1572 1294 1614 uncis

234 1642 475 1696 Carpendae
494 1643 698 1684 manibus
718 1642 918 1692 frondes,
939 1643 1143 1695 interque
1161 1642 1376 1694 legenda-3.

236 1710 345 1752 Inde
364 1742 373 1762 ,
395 1711 467 1753 ubi
484 1714 576 1763 jam
595 1710 750 1753 validis
768 1712 977 1766 amplexae
998 1712 1206 1765 stirpibus
1223 1711 1366 1753 ulmos

235 1780 454 1827 Exierint,
478 1783 573 1821 tuin
594 1782 760 1833 stringe
782 1792 931 1823 comas
949 1813 958 1829 ‚
974 1784 1071 1821 tum
1091 1780 1271 1822 brachia
1292 1781 1426 1823 tonde
1447 1798 1454 1821 :

238 1852 355 1892 Ante
374 1849 667 1893 reformidant
685 1849 853 1893 serrum
876 1865 885 1889 :
908 1855 1005 1891 tum
1022 1850 1213 1902 denique
1230 1849 1339 1892 dura

238 1921 402 1962 Exerce
420 1918 628 1973 imperia,
649 1922 692 1960 et
707 1930 854 1960 ramos
872 1929 1105 1970 compesce
1120 1916 1321 1960 fluentes,

288 1988 498 2030 Texendae
515 1998 650 2040 saepes
670 1989 825 2034 etiam,
847 1989 891 2029 et
909 1997 1041 2039 pecus
1067 1997 1199 2028 omne
1217 1985 1456 2028 tenendum
1474 2020 1482 2031 ,

237 2057 464 2111 Praecipue
479 2058 584 2098 dum
600 2056 721 2098 frons
735 2059 888 2098 tenera
902 2056 1249 2110 imprudensque
1264 2056 1469 2098 laborum
1488 2073 1496 2096 :

236 2128 329 2174 Cui,
353 2139 485 2179 snper
503 2127 705 2178 indignas
724 2126 889 2169 hiemes
908 2127 1134 2179 solemque
1156 2128 1381 2178 potentem
1399 2158 1406 2170 ‚

234 2203 456 2245 Silvestres
471 2202 539 2243 uri
560 2201 741 2244 adsidue
757 2212 1016 2255 capreaeque
1031 2212 1237 2256 sequaces

237 2271 456 2320 illudunt,
477 2273 718 2325 pascuntur
735 2282 838 2314 oves
854 2271 1080 2324 avidaeque
1094 2272 1311 2322 juvenem.

237 2344 421 2395 Frigora
438 2354 519 2384 nec
541 2345 713 2384 tantuin
731 2354 838 2384 cana
862 2347 1069 2385 concreta
1088 2343 1244 2395 pruina
1267 2374 1273 2385 ,

239 2417 324 2454 Aut
341 2414 485 2467 gravis
507 2413 765 2455 incumbens
784 2413 973 2466 seopulis
994 2414 1218 2454 arentibus
1238 2415 1360 2455 festas
1383 2446 1389 2457 .
