1917 2942
356 327 406 366 21⁴
856 324 1149 365 BUCOLICA.
1607 324 1654 363 47

359 415 394 452 O
418 409 608 452 formose
623 420 745 464 puer,
766 409 952 451 nimium
970 421 1025 453 ne
1040 409 1171 453 crede
1190 410 1348 452 colori!

359 481 470 522 Alba
487 479 669 532 ligustra
685 479 872 527 cadunt,
893 480 1091 521 vaccinia
1104 481 1230 533 nigra
1247 481 1471 532 leguntur.

361 550 599 602 Despectus
615 548 692 589 tibi
713 560 834 596 sum,
856 559 940 591 nec
968 550 1040 601 qui
1060 550 1143 591 sim
1176 549 1355 603 quasi-is,
1378 550 1520 596 Alexi3

359 624 499 670 Quam
516 619 635 662 dives
651 621 819 672 pecoris
836 651 845 667 ,
867 620 986 661 nivei
1006 632 1136 674 quam
1154 620 1277 663 lactis
1294 620 1537 662 abundans.

358 690 477 731 Mille
495 700 603 730 meae
621 688 774 731 Siculis
788 695 937 732 errant
950 690 997 730 in
1024 689 1247 731 montibus
1264 700 1404 742 agnae.

355 761 441 800 Lac
462 757 567 799 milii
584 768 674 798 non
694 763 842 802 aestate
862 770 1050 805 novum,
1073 770 1165 800 non
1184 756 1345 811 frigore
1374 757 1495 799 defit.

354 830 493 868 Canto
522 836 617 880 quae
635 828 813 875 solitus,
835 826 1063 880 siquando
1079 828 1279 869 armenta
1297 825 1481 868 vocabat
1499 858 1507 874 ,

355 898 579 952 Amphion
595 898 790 939 Dircaeus
805 898 853 938 in
871 900 1021 940 Actaeo
1036 896 1303 949 Aracyntho.

355 969 448 1010 Nec
467 980 563 1011 sum
580 968 689 1011 adeo
707 967 905 1010 informis
918 984 933 1008 >z
962 979 1105 1022 nuper
1120 979 1191 1010 me
1208 967 1253 1009 in
1267 968 1413 1010 littore
1431 968 1543 1015 vidi,

354 1042 498 1090 Quum
517 1039 734 1092 placidum
754 1038 896 1080 ventis
910 1039 1044 1080 staret
1060 1048 1178 1079 mare
1194 1053 1204 1084 ;
1223 1049 1315 1079 non
1335 1049 1416 1092 ego
1432 1037 1649 1093 Daphnin.

353 1107 510 1150 Judice
531 1110 595 1156 te,
617 1110 837 1155 metuam,
868 1108 902 1148 si
922 1118 1150 1160 nunquam
1173 1105 1291 1148 fallat
1306 1107 1468 1159 imago.

352 1179 388 1216 Ο
410 1178 581 1217 tantum
596 1176 730 1218 libeat
747 1187 924 1227 mecum
944 1177 1021 1217 tibi
1041 1175 1216 1218 sordida
1233 1187 1360 1223 rura,

352 1247 496 1298 Atque
510 1244 697 1287 humiles
710 1245 906 1287 habitare
920 1255 1037 1286 casas
1055 1277 1064 1293 ‚
1086 1248 1128 1287 et
1149 1244 1279 1297 ligere
1294 1256 1446 1287 cervos
1466 1278 1474 1293 ,

352 1313 682 1366 Haedorumque
699 1324 877 1366 gregem
896 1312 1028 1355 viridi
1049 1313 1311 1367 compellere
1329 1313 1497 1357 hibisco
1520 1316 1530 1355 ῐ

352 1388 525 1427 Mecum
544 1396 628 1426 una
644 1385 690 1425 in
708 1385 824 1426 silvis
846 1383 1073 1427 imitabere
1090 1386 1209 1425 Pana
1223 1384 1438 1426 canendo.

352 1456 447 1495 Pan
468 1453 636 1507 primus
649 1454 840 1496 calamos
862 1463 963 1495 cera
981 1454 1249 1505 conjungere
1273 1453 1417 1506 plures

350 1523 547 1565 Instituit
566 1538 575 1563 ε
593 1526 688 1564 Pan
710 1524 837 1565 curat
850 1533 951 1564 oves
965 1553 975 1571 ‚
993 1522 1227 1575 oviumque
1245 1522 1489 1575 magistros.

350 1597 507 1636 Necte
527 1593 738 1646 poem'teat
756 1593 925 1635 calamo
944 1593 1112 1634 trivisse
1128 1592 1329 1635 labellum
1346 1609 1356 1633 ε

350 1666 456 1705 Haec
471 1662 625 1706 eadem
650 1665 700 1704 ut
718 1663 874 1709 sciret,
894 1661 999 1715 quid
1018 1672 1110 1703 non
1129 1661 1313 1705 faciebat
1327 1664 1569 1715 Amyntas?

348 1735 424 1774 Est
442 1733 550 1774 mihi
567 1732 810 1786 disparibus
831 1734 997 1784 septem
1021 1731 1248 1785 compacta
1263 1732 1410 1773 sicutis

346 1803 533 1850 Fistula,
556 1804 774 1843 Damcetas
789 1800 907 1842 dono
921 1799 1026 1841 mihi
1047 1811 1180 1853 quam
1195 1799 1317 1843 dedit
1330 1801 1434 1843 olim
1449 1832 1458 1847 ‚

345 1872 399 1910 Et
415 1870 523 1911 dixit
535 1870 727 1912 moriens
746 1886 756 1910 z
777 1873 837 1912 Te
854 1880 973 1911 nunc
991 1867 1121 1911 habet
1135 1870 1215 1911 ista
1228 1869 1486 1912 secundum.

345 1939 459 1980 Dixit
477 1942 694 1981 Damoetas
713 1955 724 1988 ;
743 1937 1071 1981 inviditstultus
1091 1939 1318 1990 Amyntas.

344 2011 566 2052 Praeterca
583 2008 696 2059 duo,
718 2021 803 2052 nec
824 2012 919 2050 tuta
938 2007 1045 2049 mihi
1061 2009 1172 2050 valle
1191 2008 1352 2062 roperti
1371 2040 1381 2056 ,

344 2080 542 2133 Capreoli
556 2110 566 2130 ,
588 2079 743 2132 spaisis
759 2079 891 2120 etiam
903 2089 1023 2120 nunc
1041 2077 1223 2131 pellibus
1240 2077 1335 2119 albo
1353 2110 1363 2126 ,

343 2150 453 2190 Bina
473 2148 542 2190 die
561 2149 727 2190 siccant
745 2149 836 2189 ovis
855 2147 1013 2196 ubera;
1030 2158 1138 2200 quos
1158 2146 1231 2188 tibi
1248 2158 1394 2189 servo.

341 2223 366 2261 J
373 2230 442 2261 am
463 2219 633 2273 pridem
657 2230 680 2260 a
695 2230 764 2261 me
780 2219 875 2260 ilios
896 2218 1111 2261 abducere
1129 2216 1342 2271 Thestylis
1358 2219 1455 2259 orat
1472 2233 1483 2265 ;

341 2293 396 2332 Et
412 2290 542 2333 faciet
559 2323 567 2338 ‚
586 2290 797 2343 quoniam
814 2290 994 2333 sordent
1012 2290 1088 2331 tibi
1106 2300 1287 2332 munera
1306 2290 1471 2331 nostra.

397 2363 494 2403 Huc
511 2359 633 2408 acles,
657 2370 684 2401 o
706 2358 892 2402 formose
913 2371 1045 2415 puer:
1067 2359 1140 2401 tibi
1161 2359 1250 2400 lilia
1266 2358 1405 2412 plenis

341 2433 452 2473 Ecce
471 2431 614 2474 ferunt
635 2430 850 2485 Nymphae
870 2430 1047 2473 calathis
1066 2446 1075 2471 :
1100 2429 1175 2488 tihi
1199 2428 1385 2472 candida
1405 2430 1508 2470 Nais
1522 2461 1534 2474 ,
