1917 2942
379 341 454 379 574
898 343 1151 383 AENEIDOS
1338 386 1340 389 ,
1600 349 1676 386 577

376 427 618 467 strinxerat
640 439 648 462 ε
667 425 741 466 ille
762 436 941 468 manum
965 429 1163 481 projecto
1185 428 1378 479 tegmine
1397 427 1576 472 demens

377 494 446 535 Ad
461 495 620 536 vulnus
642 495 741 536 tulit
763 511 772 534 :
793 506 898 547 ergo
919 496 998 538 alis
1018 497 1194 550 adlapsa
1212 497 1391 549 sagitta,

374 566 432 605 Et
445 565 556 606 iaevo
574 562 714 605 adfixa
736 569 800 607 est
817 565 943 606 lateri
961 576 1114 608 manus
1133 597 1141 612 ,
1162 565 1393 618 abditaque
1407 567 1525 609 intus

375 632 652 684 spiramenta
668 633 824 673 animae
847 632 962 674 letali
982 635 1166 675 vulnere
1187 634 1370 688 rumpit.

374 700 524 741 Stabat
547 701 590 740 in
611 703 797 753 egregiis
813 702 1015 744 Arcentis
1037 703 1150 743 filius
1168 704 1299 745 armis
1318 720 1328 752 ;

380 769 527 811 pictus
545 780 625 811 acu
641 770 919 823 chlamydem
936 803 944 820 ,
963 775 1009 814 et
1026 771 1251 824 ferrugine
1271 774 1412 816 clarus
1428 774 1590 817 Hibera
1609 807 1618 821 ,

375 839 565 892 Insignis
583 837 712 887 facie,
737 841 912 890 genitor
933 853 1061 893 quem
1081 842 1256 884 miserat
1277 846 1438 885 Arcens
1453 875 1464 893 ,

375 910 598 950 Eductum
619 911 769 950 Matris
789 911 892 951 luco
912 943 920 953 .
943 909 1181 963 Symaethia
1204 911 1374 953 circum

377 979 577 1020 Flumina
595 1009 604 1024 ‚
628 980 801 1032 pinguis
817 979 891 1020 uhi
911 985 953 1021 et
977 980 1201 1033 placabilis
1218 992 1292 1023 ara
1311 981 1446 1023 Palici
1468 998 1476 1021 :

375 1050 644 1092 Stridentem
658 1049 838 1092 fundam
857 1080 866 1096 ‚
888 1051 1041 1104 positis
1058 1052 1295 1093 Mezentius
1314 1051 1447 1094 hastis
1463 1085 1472 1099 ,

380 1123 475 1172 ipse
497 1123 563 1161 ter
582 1118 773 1160 adducta
792 1120 959 1161 circum
981 1120 1113 1175 caput
1130 1121 1220 1170 egit
1240 1120 1438 1169 hahena;

379 1191 432 1228 Et
447 1188 592 1231 media
607 1187 779 1230 adversi
794 1187 1031 1240 liquefacto
1053 1191 1252 1243 tempora
1272 1191 1453 1243 plumbo

380 1256 570 1304 Diffidit,
588 1269 638 1298 ae
657 1258 796 1299 multa
814 1261 1070 1313 porrectum
1092 1260 1289 1300 extendit
1304 1271 1451 1302 arena.

378 1331 490 1368 Tum
511 1328 702 1381 primum
721 1327 840 1369 bello
858 1327 1048 1371 celerem
1068 1329 1309 1372 intendisse
1329 1329 1531 1382 sagittam

380 1397 568 1440 Dicitur.
588 1402 690 1438 ante
711 1396 821 1439 teras
840 1398 991 1438 solitus
1009 1401 1179 1440 terrere
1201 1398 1376 1451 fugaces
1391 1429 1401 1444 .

380 1466 591 1508 Ascanius
608 1498 618 1517 ‚
642 1465 886 1520 fortemque
900 1478 1035 1508 manu
1057 1466 1215 1509 fudisse
1232 1470 1267 1507 N
1277 1479 1487 1509 umanum
1505 1483 1514 1515 ;

378 1536 458 1576 Cui
480 1535 669 1577 Remulo
688 1546 936 1587 cognomen
955 1539 1075 1585 erat3
1098 1537 1325 1590 Turnique
1349 1538 1567 1579 minorem

382 1609 648 1647 Germanam
664 1616 808 1658 nuper
830 1604 1022 1646 thalamo
1040 1605 1231 1647 sociatus
1253 1605 1455 1647 habebat.

380 1679 418 1716 Is
434 1676 622 1730 primam
640 1681 740 1717 ante
761 1674 898 1717 aciem
919 1674 1054 1726 digna
1073 1678 1203 1727 atque
1222 1674 1400 1727 indigna
1420 1677 1561 1718 relatu

380 1745 638 1789 vociferans
656 1778 667 1798 ‚
684 1746 968 1798 tumidusque
986 1756 1104 1787 novo
1120 1746 1364 1798 praecordia
1380 1757 1532 1799 regno,

378 1817 474 1858 ibat
491 1848 500 1863 ‚
524 1819 569 1857 et
584 1815 812 1868 ingentem
827 1826 920 1857 sese
936 1816 1128 1857 clamore
1148 1813 1315 1856 ferebat
1336 1827 1345 1852 ε

435 1899 453 1922 α
473 1886 575 1926 Non
589 1883 726 1936 pudet
746 1883 974 1926 obsidione
989 1883 1153 1925 iterum
1172 1884 1381 1937 valloque
1408 1884 1545 1926 teneri
1563 1915 1571 1928 ‚

379 1952 452 1994 Bis
469 1952 585 2007 capti
609 1952 822 2005 Phryges,
845 1955 889 1994 et
911 1953 1036 1994 Marti
1058 1951 1330 2004 praetendere
1351 1953 1536 1994 muros?

380 2026 445 2063 En
461 2024 562 2076 ‚qui
583 2026 735 2064 nostra
750 2023 832 2064 sibi
852 2022 970 2064 hello
990 2021 1211 2065 connubia
1227 2023 1437 2076 poscunt!

378 2093 483 2140 Quis
498 2091 604 2134 deus
621 2092 790 2134 Italiam
805 2124 817 2143 ‚
839 2103 935 2145 quae
953 2102 1027 2133 vos
1049 2092 1272 2134 dementia
1289 2092 1467 2144 adegit?

383 2163 484 2202 Non
499 2162 572 2204 hic
594 2161 760 2203 Atridae
779 2192 788 2208 ‚
815 2171 898 2203 nec
916 2161 1035 2202 fandi
1058 2161 1185 2204 fictor
1204 2162 1362 2205 Ulixes.

384 2235 553 2273 Durum
574 2231 626 2273 ab
645 2232 784 2285 stirpe
801 2242 940 2286 genus
958 2263 966 2277 .
989 2235 1116 2273 natos
1132 2231 1184 2273 ad
1207 2231 1388 2273 flumina
1408 2231 1598 2285 primum

386 2299 627 2344 Deserimus
646 2333 654 2348 ‚
676 2312 881 2355 saevoque
898 2301 998 2353 gelu
1017 2301 1225 2343 duramus
1241 2305 1284 2344 et
1297 2300 1452 2347 undis:

382 2375 553 2413 venatu
574 2371 805 2423 invigilant
822 2371 947 2423 pueri
963 2401 971 2413 ,
991 2371 1210 2424 silvasque
1232 2370 1439 2423 fatigant3

385 2441 580 2482 Flectere
601 2441 729 2483 ludus
750 2452 883 2494 equos
903 2473 910 2487 ‚
930 2445 974 2481 et
991 2441 1160 2495 spicula
1178 2441 1357 2485 renidere
1377 2452 1533 2484 cornu.
