1917 2942
293 341 369 379 ⁴65
828 338 990 376 LIBER
1020 335 1053 375 I.
1541 336 1593 372 63

245 473 247 475 ,
290 422 512 475 Tardaque
535 422 744 464 Eleusinae
774 422 924 462 matris
954 422 1173 462 volventia
1193 420 1403 473 plaustra,

292 492 578 543 'tribulaquffi
612 491 879 543 trahezeque,
902 492 945 531 et
966 489 1114 542 iniquo
1127 489 1324 541 pondere
1348 489 1499 535 rastri;

294 562 442 613 virgea
462 563 668 614 praeterea
690 559 804 601 Celei
822 588 831 605 ,
850 558 1030 610 vilisque
1044 557 1262 610 supellex,

296 629 498 671 Arhuteae
519 631 657 671 crates
673 659 682 674 ,
706 631 750 670 et
765 628 949 678 mystica
965 638 1136 668 vannus
1156 625 1299 668 Iacchi
1320 643 1331 674 ;

296 699 455 740 Omnia
474 709 568 752 quae
587 698 729 739 multo
754 699 853 738 ante
872 708 1043 738 memor
1059 698 1231 750 provisa
1247 707 1458 750 repones.

295 768 335 808 Si
359 770 400 809 te
415 768 546 819 digna
561 771 711 809 manet
728 766 867 809 divini
886 766 1026 818 gloria
1047 769 1174 808 ruris.

349 837 569 878 Continuo
587 837 634 877 in
652 836 771 878 silvis
787 846 943 888 magna
958 837 1001 877 vi
1018 834 1125 878 flexa
1139 835 1343 877 domatur

300 909 350 946 In
370 906 515 946 burim
531 937 541 953 ‚
566 909 609 947 et
625 905 746 948 curvi
770 903 955 947 sormam
974 905 1134 957 accipit
1152 905 1295 945 ulmus
1314 905 1462 945 aratri.

300 976 414 1016 Huic
434 986 457 1015 a
474 975 607 1028 stirpe
622 973 755 1028 pedes
772 976 888 1015 temo
904 974 1136 1025 protentus
1151 973 1194 1013 in
1217 976 1339 1021 octo;

303 1044 421 1084 Bimae
441 1055 564 1086 aures
583 1073 591 1091 ,
615 1041 778 1096 duplici
798 1044 1003 1095 aptantur
1022 1041 1214 1084 dentalia
1234 1043 1378 1085 dorso,

301 1113 492 1155 Caeditur
510 1116 554 1156 et
571 1114 663 1155 tilia
683 1114 782 1154 ante
794 1115 905 1164 jugo
923 1113 1030 1153 levis
1048 1143 1056 1159 ,
1081 1114 1252 1165 altaque
1270 1112 1389 1166 fagus

300 1182 504 1235 Stivaque
523 1213 531 1229 ,
555 1192 651 1235 quae
671 1192 822 1224 currus
840 1191 864 1220 a
882 1183 1008 1233 tergo
1024 1182 1226 1233 torqueat
1241 1182 1374 1226 imos:

305 1254 360 1291 Et
377 1262 586 1304 suspensa
601 1250 706 1292 focis
724 1251 918 1304 explorat
935 1249 1094 1291 robora
1110 1248 1267 1292 sumus.

358 1323 542 1363 Possum
553 1323 692 1363 multa
705 1320 782 1362 tibi
797 1322 995 1363 veterum
1010 1331 1149 1372 praece
1157 1322 1228 1374 pta
1245 1320 1409 1363 referre
1425 1353 1433 1368 ,

307 1392 359 1432 Ni
374 1389 536 1443 refugis
549 1422 558 1438 ‚
581 1396 822 1443 tenuesque
835 1391 956 1444 piget
973 1400 1238 1442 cognoscere
1257 1402 1397 1433 curas.

309 1466 423 1503 Area
443 1474 544 1504 cum
558 1462 708 1515 primis
728 1461 897 1513 ingenti
918 1459 1132 1513 aequanda
1151 1461 1374 1512 cylindro,

309 1534 364 1572 Et
376 1531 588 1574 vertenda
609 1542 763 1578 manu,
784 1532 828 1573 et
846 1535 966 1572 creta
980 1529 1208 1573 solidanda
1227 1532 1393 1578 tenaci,

311 1604 373 1644 Ne
392 1601 731 1645 subeantherbae
747 1631 756 1646 ‚
774 1611 861 1642 neu
877 1600 1058 1653 pulvere
1077 1602 1192 1643 victa
1212 1599 1380 1643 fatiscat
1399 1618 1410 1643 ι

310 1677 422 1715 Τ11111
435 1674 567 1714 variae
583 1671 768 1714 illudant
787 1673 927 1725 pestes
945 1688 955 1713 :
971 1682 1086 1725 see-pe
1106 1672 1284 1723 exiguus
1303 1684 1400 1714 mus

312 1743 400 1785 Sub
421 1743 546 1785 terris
562 1743 794 1795 posuitque
808 1741 962 1783 domos
981 1744 1108 1794 atque
1124 1739 1284 1783 horrea
1300 1740 1400 1784 fecit
1419 1758 1429 1790 ;

317 1814 406 1852 Aut
423 1812 558 1853 oculis
574 1810 688 1864 capti
708 1808 856 1851 fodere
872 1809 1029 1852 cubilia
1046 1809 1171 1862 talpa}
1189 1825 1199 1857 ;

316 1884 614 1934 Inventusque
632 1880 747 1922 cavis
765 1878 870 1921 bufo
884 1911 894 1927 ‚
912 1882 955 1922 et
970 1890 1064 1933 qua-3
1080 1879 1269 1932 plurima
1287 1882 1414 1921 terrae

317 1953 509 1992 Monstra
530 1950 699 1996 serunt3
721 1948 986 2002 populatque
1002 1948 1228 2000 ingentem
1240 1948 1363 1990 farris
1383 1960 1586 1991 acervum

318 2021 542 2066 Curculio,
569 2021 697 2072 atque
712 2017 834 2070 inopi
848 2019 1047 2059 metuens
1066 2014 1251 2059 formica
1268 2021 1470 2060 senectae.

372 2089 700 2140 Contemplator
716 2088 842 2132 item,
869 2098 1007 2140 quum
1026 2098 1071 2130 se
1091 2098 1179 2128 nux
1193 2088 1379 2140 plurima
1392 2089 1510 2131 silvis

320 2158 480 2200 induet
495 2159 540 2199 in
562 2155 715 2199 florem
731 2188 740 2205 ‚
764 2162 808 2199 et
825 2168 969 2198 ramos
990 2157 1190 2199 curvabit
1208 2158 1375 2200 olentes
1393 2190 1403 2210 ‚
1468 2172 1474 2177 ·

319 2230 364 2270 Si
380 2231 587 2282 superant
605 2226 716 2270 fetus
733 2258 741 2275 ‚
759 2228 922 2281 pariter
941 2225 1161 2270 frumenta
1179 2232 1429 2281 sequentur,

322 2303 564 2351 Magnaque
585 2309 864 2350 cummagno
882 2299 1035 2340 veniet<
1051 2299 1206 2340 tritura
1222 2299 1366 2341 calore
1383 2316 1393 2347 ;

325 2370 383 2408 At
397 2369 431 2408 si
445 2367 615 2409 luxuria
629 2367 833 2410 foliorum
848 2369 1056 2410 exuberat
1072 2367 1225 2410 umbra
1239 2399 1248 2414 ‚

325 2438 622 2492 Nequidquam
639 2439 823 2493 pingues
842 2440 963 2493 palea
982 2442 1093 2482 teret
1110 2450 1210 2482 area
1223 2439 1406 2481 culmos.
