<?xml version="1.0" encoding="UTF-8"?>
<!DOCTYPE html PUBLIC "-//W3C//DTD XHTML 1.0 Transitional//EN"
    "http://www.w3.org/TR/xhtml1/DTD/xhtml1-transitional.dtd">
<html xmlns="http://www.w3.org/1999/xhtml" xml:lang="en" lang="en">
 <head>
  <title>
</title>
<meta http-equiv="Content-Type" content="text/html;charset=utf-8" />
  <meta name='ocr-system' content='tesseract 3.04.00' />
  <meta name='ocr-capabilities' content='ocr_page ocr_carea ocr_par ocr_line ocrx_word'/>
</head>
<body>
  <div class='ocr_page' id='page_1' title='image "./publiivirgiliim01unkngoog/publiivirgiliim01unkngoog_0027.png"; bbox 0 0 1917 2942; ppageno 0'>
   <div class='ocr_carea' id='block_1_1' title="bbox 785 328 1600 369">
    <p class='ocr_par' dir='ltr' id='par_1_1' title="bbox 785 328 1600 369">
     <span class='ocr_line' id='line_1_1' title="bbox 785 328 1600 369; baseline 0.002 -2"><span class='ocrx_word' id='word_1_1' title='bbox 785 328 1011 368; x_wconf 87' lang='lat' dir='ltr'>ECLOGA</span> <span class='ocrx_word' id='word_1_2' title='bbox 1042 330 1099 369; x_wconf 86' lang='lat'>11.</span> <span class='ocrx_word' id='word_1_3' title='bbox 1549 331 1600 369; x_wconf 81' lang='lat'>25</span> 
     </span>
    </p>
   </div>
   <div class='ocr_carea' id='block_1_2' title="bbox 297 478 1601 534">
    <p class='ocr_par' dir='ltr' id='par_1_2' title="bbox 297 478 1601 534">
     <span class='ocr_line' id='line_1_2' title="bbox 297 478 1601 534; baseline 0.003 -4"><span class='ocrx_word' id='word_1_4' title='bbox 297 478 1601 534; x_wconf 44' lang='grc' dir='ltr'>έρᾆὲὲῥξρᾒῷἑέᾣῷἓὲῷἒὲῷεῆἑὲῇἕᾶὲῷᾣῷἓεῷᾣῷ</span> 
     </span>
    </p>
   </div>
   <div class='ocr_carea' id='block_1_3' title="bbox 766 635 1125 683">
    <p class='ocr_par' dir='ltr' id='par_1_3' title="bbox 766 635 1125 683">
     <span class='ocr_line' id='line_1_3' title="bbox 766 635 1125 683; baseline -0.006 0"><span class='ocrx_word' id='word_1_5' title='bbox 766 635 1026 683; x_wconf 87' lang='lat' dir='ltr'>ECLOGA</span> <span class='ocrx_word' id='word_1_6' title='bbox 1061 637 1125 682; x_wconf 91' lang='lat' dir='ltr'>II.</span> 
     </span>
    </p>
   </div>
   <div class='ocr_carea' id='block_1_4' title="bbox 833 767 1060 807">
    <p class='ocr_par' dir='ltr' id='par_1_4' title="bbox 833 767 1060 807">
     <span class='ocr_line' id='line_1_4' title="bbox 833 767 1060 807; baseline -0.009 0"><span class='ocrx_word' id='word_1_7' title='bbox 833 767 1060 807; x_wconf 86' lang='lat' dir='ltr'>ALEXlS.</span> 
     </span>
    </p>
   </div>
   <div class='ocr_carea' id='block_1_5' title="bbox 296 883 1605 1292">
    <p class='ocr_par' dir='ltr' id='par_1_5' title="bbox 296 883 1605 1292">
     <span class='ocr_line' id='line_1_5' title="bbox 342 883 1602 929; baseline -0.002 -7"><span class='ocrx_word' id='word_1_8' title='bbox 342 890 394 922; x_wconf 80' lang='lat' dir='ltr'>De</span> <span class='ocrx_word' id='word_1_9' title='bbox 414 888 586 929; x_wconf 82' lang='lat' dir='ltr'>tempore</span> <span class='ocrx_word' id='word_1_10' title='bbox 603 894 678 929; x_wconf 83' lang='lat' dir='ltr'>quo</span> <span class='ocrx_word' id='word_1_11' title='bbox 702 883 844 928; x_wconf 85' lang='lat' dir='ltr'>scripta</span> <span class='ocrx_word' id='word_1_12' title='bbox 867 886 923 919; x_wconf 86' lang='lat' dir='ltr'>est</span> <span class='ocrx_word' id='word_1_13' title='bbox 942 884 1025 920; x_wconf 80' lang='lat' dir='ltr'>haec</span> <span class='ocrx_word' id='word_1_14' title='bbox 1045 885 1182 929; x_wconf 80' lang='lat' dir='ltr'>Ecloga</span> <span class='ocrx_word' id='word_1_15' title='bbox 1195 911 1204 926; x_wconf 91' lang='lat'>,</span> <span class='ocrx_word' id='word_1_16' title='bbox 1224 886 1320 921; x_wconf 84' lang='lat' dir='ltr'>certi</span> <span class='ocrx_word' id='word_1_17' title='bbox 1336 884 1441 920; x_wconf 84' lang='lat' dir='ltr'>nihil</span> <span class='ocrx_word' id='word_1_18' title='bbox 1459 886 1602 922; x_wconf 83' lang='lat' dir='ltr'>habent</span> 
     </span>
     <span class='ocr_line' id='line_1_6' title="bbox 296 944 1600 990; baseline 0.001 -9"><span class='ocrx_word' id='word_1_19' title='bbox 296 946 540 990; x_wconf 76' lang='lat' dir='ltr'><strong>interpretes,</strong></span> <span class='ocrx_word' id='word_1_20' title='bbox 556 953 627 979; x_wconf 89' lang='lat' dir='ltr'>nec</span> <span class='ocrx_word' id='word_1_21' title='bbox 638 944 683 979; x_wconf 87' lang='lat' dir='ltr'>de</span> <span class='ocrx_word' id='word_1_22' title='bbox 695 952 813 988; x_wconf 89' lang='lat' dir='ltr'>puero</span> <span class='ocrx_word' id='word_1_23' title='bbox 827 952 941 987; x_wconf 89' lang='lat' dir='ltr'>quem</span> <span class='ocrx_word' id='word_1_24' title='bbox 962 944 1119 979; x_wconf 78' lang='lat' dir='ltr'>ardebat</span> <span class='ocrx_word' id='word_1_25' title='bbox 1141 944 1277 980; x_wconf 83' lang='lat' dir='ltr'>infelix</span> <span class='ocrx_word' id='word_1_26' title='bbox 1296 946 1490 990; x_wconf 78' lang='lat' dir='ltr'>Coryd0n;</span> <span class='ocrx_word' id='word_1_27' title='bbox 1508 956 1600 982; x_wconf 86' lang='lat' dir='ltr'>nam</span> 
     </span>
     <span class='ocr_line' id='line_1_7' title="bbox 298 1006 1603 1051; baseline 0.001 -9"><span class='ocrx_word' id='word_1_28' title='bbox 298 1006 583 1044; x_wconf 77' lang='lat' dir='ltr'>floccifacienda</span> <span class='ocrx_word' id='word_1_29' title='bbox 599 1033 606 1047; x_wconf 89' lang='lat'>,</span> <span class='ocrx_word' id='word_1_30' title='bbox 624 1014 709 1049; x_wconf 83' lang='lat' dir='ltr'>quae</span> <span class='ocrx_word' id='word_1_31' title='bbox 729 1006 836 1049; x_wconf 75' lang='lat' dir='ltr'>Apul.</span> <span class='ocrx_word' id='word_1_32' title='bbox 855 1006 959 1047; x_wconf 81' lang='lat' dir='ltr'>Apol.</span> <span class='ocrx_word' id='word_1_33' title='bbox 978 1007 1011 1045; x_wconf 88' lang='grc' dir='ltr'>Ι,</span> <span class='ocrx_word' id='word_1_34' title='bbox 1027 1008 1063 1040; x_wconf 89' lang='lat' dir='ltr'>et</span> <span class='ocrx_word' id='word_1_35' title='bbox 1081 1007 1190 1041; x_wconf 82' lang='lat' dir='ltr'>Mart.</span> <span class='ocrx_word' id='word_1_36' title='bbox 1208 1009 1246 1049; x_wconf 81' lang='lat' dir='ltr'>V,</span> <span class='ocrx_word' id='word_1_37' title='bbox 1266 1009 1332 1051; x_wconf 87' lang='lat' dir='ltr'>Ep.</span> <span class='ocrx_word' id='word_1_38' title='bbox 1353 1010 1406 1048; x_wconf 66' lang='lat'>46,</span> <span class='ocrx_word' id='word_1_39' title='bbox 1427 1015 1470 1042; x_wconf 85' lang='lat' dir='ltr'>ea</span> <span class='ocrx_word' id='word_1_40' title='bbox 1488 1007 1534 1043; x_wconf 91' lang='lat' dir='ltr'>de</span> <span class='ocrx_word' id='word_1_41' title='bbox 1560 1017 1603 1043; x_wconf 86' lang='lat' dir='ltr'>re</span> 
     </span>
     <span class='ocr_line' id='line_1_8' title="bbox 298 1066 1605 1111; baseline 0 -8"><span class='ocrx_word' id='word_1_42' title='bbox 298 1067 523 1111; x_wconf 82' lang='lat' dir='ltr'>conjiciunt.</span> <span class='ocrx_word' id='word_1_43' title='bbox 550 1066 684 1102; x_wconf 83' lang='lat' dir='ltr'>Malim</span> <span class='ocrx_word' id='word_1_44' title='bbox 707 1075 794 1101; x_wconf 87' lang='lat' dir='ltr'>cum</span> <span class='ocrx_word' id='word_1_45' title='bbox 822 1067 873 1100; x_wconf 87' lang='lat' dir='ltr'>Cl.</span> <span class='ocrx_word' id='word_1_46' title='bbox 896 1066 1046 1110; x_wconf 75' lang='lat' dir='ltr'>Heynio</span> <span class='ocrx_word' id='word_1_47' title='bbox 1069 1067 1238 1102; x_wconf 79' lang='lat' dir='ltr'>statuere</span> <span class='ocrx_word' id='word_1_48' title='bbox 1260 1070 1296 1102; x_wconf 88' lang='lat' dir='ltr'>et</span> <span class='ocrx_word' id='word_1_49' title='bbox 1323 1071 1467 1109; x_wconf 86' lang='lat' dir='ltr'>tenere,</span> <span class='ocrx_word' id='word_1_50' title='bbox 1499 1068 1605 1103; x_wconf 87' lang='lat' dir='ltr'>nihil</span> 
     </span>
     <span class='ocr_line' id='line_1_9' title="bbox 299 1125 1601 1171; baseline 0 -7"><span class='ocrx_word' id='word_1_51' title='bbox 299 1129 405 1164; x_wconf 83' lang='lat' dir='ltr'>aliud</span> <span class='ocrx_word' id='word_1_52' title='bbox 423 1128 501 1163; x_wconf 87' lang='lat' dir='ltr'>sibi</span> <span class='ocrx_word' id='word_1_53' title='bbox 518 1127 729 1171; x_wconf 72' lang='lat' dir='ltr'>Virgilium</span> <span class='ocrx_word' id='word_1_54' title='bbox 756 1125 999 1170; x_wconf 85' lang='lat' dir='ltr'>proposuisse</span> <span class='ocrx_word' id='word_1_55' title='bbox 1014 1153 1023 1168; x_wconf 87' lang='lat'>,</span> <span class='ocrx_word' id='word_1_56' title='bbox 1045 1135 1163 1170; x_wconf 84' lang='lat' dir='ltr'>quam</span> <span class='ocrx_word' id='word_1_57' title='bbox 1179 1126 1445 1163; x_wconf 82' lang='lat' dir='ltr'>imitationem</span> <span class='ocrx_word' id='word_1_58' title='bbox 1474 1129 1601 1164; x_wconf 87' lang='lat' dir='ltr'>Theo-</span> 
     </span>
     <span class='ocr_line' id='line_1_10' title="bbox 299 1186 1601 1232; baseline -0.002 -8"><span class='ocrx_word' id='word_1_59' title='bbox 299 1189 403 1232; x_wconf 83' lang='lat' dir='ltr'>criti,</span> <span class='ocrx_word' id='word_1_60' title='bbox 433 1186 716 1232; x_wconf 22' lang='lat' dir='ltr'>quiiplurimus</span> <span class='ocrx_word' id='word_1_61' title='bbox 735 1186 777 1221; x_wconf 90' lang='lat' dir='ltr'>in</span> <span class='ocrx_word' id='word_1_62' title='bbox 795 1188 951 1228; x_wconf 82' lang='lat' dir='ltr'>hujusce</span> <span class='ocrx_word' id='word_1_63' title='bbox 966 1186 1073 1221; x_wconf 87' lang='lat' dir='ltr'>modi</span> <span class='ocrx_word' id='word_1_64' title='bbox 1091 1187 1348 1231; x_wconf 79' lang='lat' dir='ltr'>argumentis.</span> <span class='ocrx_word' id='word_1_65' title='bbox 1380 1188 1462 1224; x_wconf 85' lang='lat' dir='ltr'>Vid.</span> <span class='ocrx_word' id='word_1_66' title='bbox 1490 1188 1601 1232; x_wconf 82' lang='lat' dir='ltr'>Idyll.</span> 
     </span>
     <span class='ocr_line' id='line_1_11' title="bbox 301 1250 588 1292; baseline -0.003 -8"><span class='ocrx_word' id='word_1_67' title='bbox 301 1252 373 1292; x_wconf 85' lang='lat'>111,</span> <span class='ocrx_word' id='word_1_68' title='bbox 389 1251 454 1286; x_wconf 72' lang='lat' dir='ltr'>VII</span> <span class='ocrx_word' id='word_1_69' title='bbox 471 1252 508 1284; x_wconf 87' lang='lat' dir='ltr'>et</span> <span class='ocrx_word' id='word_1_70' title='bbox 528 1250 588 1284; x_wconf 82' lang='lat' dir='ltr'>XI.</span> 
     </span>
    </p>
   </div>
   <div class='ocr_carea' id='block_1_6' title="bbox 299 1388 1454 2483">
    <p class='ocr_par' dir='ltr' id='par_1_6' title="bbox 299 1388 1448 1721">
     <span class='ocr_line' id='line_1_12' title="bbox 301 1388 1349 1444; baseline 0.002 -14"><span class='ocrx_word' id='word_1_71' title='bbox 301 1394 561 1432; x_wconf 85' lang='lat' dir='ltr'>Formosum</span> <span class='ocrx_word' id='word_1_72' title='bbox 580 1393 729 1444; x_wconf 83' lang='lat' dir='ltr'>pastor</span> <span class='ocrx_word' id='word_1_73' title='bbox 746 1388 956 1442; x_wconf 84' lang='lat' dir='ltr'>Corydon</span> <span class='ocrx_word' id='word_1_74' title='bbox 978 1389 1158 1432; x_wconf 82' lang='lat' dir='ltr'>ardebat</span> <span class='ocrx_word' id='word_1_75' title='bbox 1172 1390 1349 1440; x_wconf 71' lang='lat' dir='ltr'>Alexin,</span> 
     </span>
     <span class='ocr_line' id='line_1_13' title="bbox 300 1457 1428 1512; baseline 0.003 -13"><span class='ocrx_word' id='word_1_76' title='bbox 300 1459 484 1501; x_wconf 79' lang='lat' dir='ltr'>Delicias</span> <span class='ocrx_word' id='word_1_77' title='bbox 505 1458 698 1507; x_wconf 88' lang='lat' dir='ltr'>domini;</span> <span class='ocrx_word' id='word_1_78' title='bbox 720 1469 827 1506; x_wconf 86' lang='lat' dir='ltr'>nec,</span> <span class='ocrx_word' id='word_1_79' title='bbox 851 1457 955 1510; x_wconf 85' lang='lat' dir='ltr'>quid</span> <span class='ocrx_word' id='word_1_80' title='bbox 972 1461 1192 1512; x_wconf 78' lang='lat' dir='ltr'>speraret,</span> <span class='ocrx_word' id='word_1_81' title='bbox 1215 1459 1428 1504; x_wconf 58' lang='lat' dir='ltr'>habebam</span> 
     </span>
     <span class='ocr_line' id='line_1_14' title="bbox 299 1527 1448 1582; baseline 0 -11"><span class='ocrx_word' id='word_1_82' title='bbox 299 1533 487 1571; x_wconf 81' lang='lat' dir='ltr'>Tantum</span> <span class='ocrx_word' id='word_1_83' title='bbox 501 1529 617 1571; x_wconf 89' lang='lat' dir='ltr'>inter</span> <span class='ocrx_word' id='word_1_84' title='bbox 636 1527 790 1571; x_wconf 82' lang='lat' dir='ltr'>densas</span> <span class='ocrx_word' id='word_1_85' title='bbox 806 1559 816 1576; x_wconf 82' lang='lat'><strong>.</strong></span> <span class='ocrx_word' id='word_1_86' title='bbox 829 1528 1038 1570; x_wconf 82' lang='lat' dir='ltr'>umbrosa</span> <span class='ocrx_word' id='word_1_87' title='bbox 1056 1529 1300 1581; x_wconf 80' lang='lat' dir='ltr'>cacumina,</span> <span class='ocrx_word' id='word_1_88' title='bbox 1326 1529 1448 1582; x_wconf 78' lang='lat' dir='ltr'>fagos</span> 
     </span>
     <span class='ocr_line' id='line_1_15' title="bbox 303 1599 1321 1648; baseline 0.003 -7"><span class='ocrx_word' id='word_1_89' title='bbox 303 1599 496 1644; x_wconf 80' lang='lat' dir='ltr'>Adsidue</span> <span class='ocrx_word' id='word_1_90' title='bbox 513 1601 719 1642; x_wconf 85' lang='lat' dir='ltr'>veniebat</span> <span class='ocrx_word' id='word_1_91' title='bbox 735 1615 744 1648; x_wconf 90' lang='lat'>;</span> <span class='ocrx_word' id='word_1_92' title='bbox 764 1601 823 1641; x_wconf 85' lang='lat' dir='ltr'>ibi</span> <span class='ocrx_word' id='word_1_93' title='bbox 841 1599 937 1642; x_wconf 83' lang='lat' dir='ltr'>haec</span> <span class='ocrx_word' id='word_1_94' title='bbox 953 1599 1185 1643; x_wconf 87' lang='lat' dir='ltr'>incondita</span> <span class='ocrx_word' id='word_1_95' title='bbox 1201 1601 1321 1644; x_wconf 87' lang='lat' dir='ltr'>solus</span> 
     </span>
     <span class='ocr_line' id='line_1_16' title="bbox 300 1668 1244 1721; baseline 0 -11"><span class='ocrx_word' id='word_1_96' title='bbox 300 1671 520 1712; x_wconf 84' lang='lat' dir='ltr'>Montibus</span> <span class='ocrx_word' id='word_1_97' title='bbox 538 1671 582 1711; x_wconf 89' lang='lat' dir='ltr'>et</span> <span class='ocrx_word' id='word_1_98' title='bbox 596 1670 714 1711; x_wconf 84' lang='lat' dir='ltr'>silvis</span> <span class='ocrx_word' id='word_1_99' title='bbox 731 1668 876 1711; x_wconf 87' lang='lat' dir='ltr'>studio</span> <span class='ocrx_word' id='word_1_100' title='bbox 889 1670 1080 1721; x_wconf 82' lang='lat' dir='ltr'>jactabat</span> <span class='ocrx_word' id='word_1_101' title='bbox 1098 1670 1217 1711; x_wconf 83' lang='lat' dir='ltr'>inani</span> <span class='ocrx_word' id='word_1_102' title='bbox 1234 1686 1244 1710; x_wconf 76' lang='lat' dir='ltr'>z</span> 
     </span>
    </p>

    <p class='ocr_par' dir='ltr' id='par_1_7' title="bbox 300 1737 1454 2483">
     <span class='ocr_line' id='line_1_17' title="bbox 351 1737 1394 1785; baseline 0.002 -6"><span class='ocrx_word' id='word_1_103' title='bbox 351 1741 386 1779; x_wconf 93' lang='lat' dir='ltr'><strong>O</strong></span> <span class='ocrx_word' id='word_1_104' title='bbox 404 1738 592 1781; x_wconf 83' lang='lat' dir='ltr'>crudelis</span> <span class='ocrx_word' id='word_1_105' title='bbox 614 1739 756 1785; x_wconf 80' lang='lat' dir='ltr'>Alexi.</span> <span class='ocrx_word' id='word_1_106' title='bbox 779 1737 891 1779; x_wconf 87' lang='lat' dir='ltr'>nihil</span> <span class='ocrx_word' id='word_1_107' title='bbox 911 1750 1010 1781; x_wconf 88' lang='lat' dir='ltr'>mea</span> <span class='ocrx_word' id='word_1_108' title='bbox 1025 1739 1222 1782; x_wconf 84' lang='lat' dir='ltr'>carmina</span> <span class='ocrx_word' id='word_1_109' title='bbox 1237 1740 1394 1781; x_wconf 81' lang='lat' dir='ltr'>curas?</span> 
     </span>
     <span class='ocr_line' id='line_1_18' title="bbox 300 1808 1366 1861; baseline -0.001 -10"><span class='ocrx_word' id='word_1_110' title='bbox 300 1810 370 1851; x_wconf 89' lang='lat' dir='ltr'>Nil</span> <span class='ocrx_word' id='word_1_111' title='bbox 386 1809 527 1850; x_wconf 80' lang='lat' dir='ltr'>nostri</span> <span class='ocrx_word' id='word_1_112' title='bbox 543 1808 778 1850; x_wconf 84' lang='lat' dir='ltr'>miserere?</span> <span class='ocrx_word' id='word_1_113' title='bbox 796 1808 910 1849; x_wconf 88' lang='lat' dir='ltr'>mori</span> <span class='ocrx_word' id='word_1_114' title='bbox 925 1820 996 1851; x_wconf 90' lang='lat' dir='ltr'>me</span> <span class='ocrx_word' id='word_1_115' title='bbox 1014 1808 1202 1861; x_wconf 79' lang='lat' dir='ltr'>denique</span> <span class='ocrx_word' id='word_1_116' title='bbox 1221 1819 1366 1861; x_wconf 84' lang='lat' dir='ltr'>coges.</span> 
     </span>
     <span class='ocr_line' id='line_1_19' title="bbox 300 1875 1454 1932; baseline -0.001 -13"><span class='ocrx_word' id='word_1_117' title='bbox 300 1880 426 1919; x_wconf 86' lang='lat' dir='ltr'>Nunc</span> <span class='ocrx_word' id='word_1_118' title='bbox 448 1878 582 1919; x_wconf 82' lang='lat' dir='ltr'>etiam</span> <span class='ocrx_word' id='word_1_119' title='bbox 601 1875 789 1929; x_wconf 84' lang='lat' dir='ltr'>pecudes</span> <span class='ocrx_word' id='word_1_120' title='bbox 806 1876 981 1918; x_wconf 84' lang='lat' dir='ltr'>umbras</span> <span class='ocrx_word' id='word_1_121' title='bbox 998 1879 1042 1918; x_wconf 85' lang='lat' dir='ltr'>et</span> <span class='ocrx_word' id='word_1_122' title='bbox 1056 1875 1220 1928; x_wconf 77' lang='lat' dir='ltr'>frigora</span> <span class='ocrx_word' id='word_1_123' title='bbox 1243 1879 1422 1932; x_wconf 86' lang='lat' dir='ltr'>captant</span> <span class='ocrx_word' id='word_1_124' title='bbox 1444 1894 1454 1925; x_wconf 92' lang='lat'>;</span> 
     </span>
     <span class='ocr_line' id='line_1_20' title="bbox 301 1944 1406 1999; baseline -0.001 -11"><span class='ocrx_word' id='word_1_125' title='bbox 301 1949 337 1988; x_wconf 88' lang='lat' dir='ltr'>N</span> <span class='ocrx_word' id='word_1_126' title='bbox 343 1958 428 1988; x_wconf 86' lang='lat' dir='ltr'>unc</span> <span class='ocrx_word' id='word_1_127' title='bbox 444 1944 605 1987; x_wconf 84' lang='lat' dir='ltr'>virides</span> <span class='ocrx_word' id='word_1_128' title='bbox 624 1945 756 1987; x_wconf 80' lang='lat' dir='ltr'>etiam</span> <span class='ocrx_word' id='word_1_129' title='bbox 771 1945 996 1987; x_wconf 79' lang='lat' dir='ltr'>occultant</span> <span class='ocrx_word' id='word_1_130' title='bbox 1012 1945 1182 1999; x_wconf 83' lang='lat' dir='ltr'>spineta</span> <span class='ocrx_word' id='word_1_131' title='bbox 1197 1946 1382 1988; x_wconf 87' lang='lat' dir='ltr'>lacertos</span> <span class='ocrx_word' id='word_1_132' title='bbox 1396 1961 1406 1993; x_wconf 87' lang='lat'>;</span> 
     </span>
     <span class='ocr_line' id='line_1_21' title="bbox 301 2011 1290 2066; baseline 0 -12"><span class='ocrx_word' id='word_1_133' title='bbox 301 2014 517 2065; x_wconf 78' lang='lat' dir='ltr'>Thestylis</span> <span class='ocrx_word' id='word_1_134' title='bbox 536 2014 580 2055; x_wconf 87' lang='lat' dir='ltr'>et</span> <span class='ocrx_word' id='word_1_135' title='bbox 593 2011 748 2066; x_wconf 78' lang='lat' dir='ltr'>rapido</span> <span class='ocrx_word' id='word_1_136' title='bbox 759 2011 881 2054; x_wconf 77' lang='lat' dir='ltr'>fessis</span> <span class='ocrx_word' id='word_1_137' title='bbox 897 2013 1162 2054; x_wconf 85' lang='lat' dir='ltr'>messoribus</span> <span class='ocrx_word' id='word_1_138' title='bbox 1180 2015 1290 2055; x_wconf 58' lang='lat' dir='ltr'>aestu</span> 
     </span>
     <span class='ocr_line' id='line_1_22' title="bbox 303 2080 1411 2135; baseline 0 -12"><span class='ocrx_word' id='word_1_139' title='bbox 303 2083 415 2124; x_wconf 83' lang='lat' dir='ltr'>Allia</span> <span class='ocrx_word' id='word_1_140' title='bbox 433 2081 759 2135; x_wconf 79' lang='lat' dir='ltr'>serpyllumque</span> <span class='ocrx_word' id='word_1_141' title='bbox 777 2080 935 2122; x_wconf 87' lang='lat' dir='ltr'>herbas</span> <span class='ocrx_word' id='word_1_142' title='bbox 957 2081 1194 2123; x_wconf 87' lang='lat' dir='ltr'>contundit</span> <span class='ocrx_word' id='word_1_143' title='bbox 1212 2083 1381 2126; x_wconf 87' lang='lat' dir='ltr'>olentes</span> <span class='ocrx_word' id='word_1_144' title='bbox 1400 2099 1411 2123; x_wconf 71' lang='grc' dir='ltr'><strong>ε</strong></span> 
     </span>
     <span class='ocr_line' id='line_1_23' title="bbox 304 2150 1341 2207; baseline 0.002 -15"><span class='ocrx_word' id='word_1_145' title='bbox 304 2154 363 2193; x_wconf 85' lang='lat' dir='ltr'>At</span> <span class='ocrx_word' id='word_1_146' title='bbox 380 2162 554 2193; x_wconf 81' lang='lat' dir='ltr'>mecum</span> <span class='ocrx_word' id='word_1_147' title='bbox 570 2152 735 2199; x_wconf 80' lang='lat' dir='ltr'>raucis,</span> <span class='ocrx_word' id='word_1_148' title='bbox 754 2154 828 2192; x_wconf 84' lang='lat' dir='ltr'>tua</span> <span class='ocrx_word' id='word_1_149' title='bbox 846 2150 953 2207; x_wconf 82' lang='lat' dir='ltr'>dum</span> <span class='ocrx_word' id='word_1_150' title='bbox 971 2151 1153 2205; x_wconf 82' lang='lat' dir='ltr'>vestigia</span> <span class='ocrx_word' id='word_1_151' title='bbox 1168 2152 1315 2194; x_wconf 85' lang='lat' dir='ltr'>lustro</span> <span class='ocrx_word' id='word_1_152' title='bbox 1328 2183 1341 2205; x_wconf 87' lang='lat'>‚</span> 
     </span>
     <span class='ocr_line' id='line_1_24' title="bbox 302 2221 1312 2265; baseline 0.001 -1"><span class='ocrx_word' id='word_1_153' title='bbox 302 2222 402 2265; x_wconf 87' lang='lat' dir='ltr'>Sole</span> <span class='ocrx_word' id='word_1_154' title='bbox 421 2223 499 2264; x_wconf 79' lang='lat' dir='ltr'>sul)</span> <span class='ocrx_word' id='word_1_155' title='bbox 519 2221 692 2263; x_wconf 80' lang='lat' dir='ltr'>ardenti</span> <span class='ocrx_word' id='word_1_156' title='bbox 710 2223 922 2263; x_wconf 86' lang='lat' dir='ltr'>resonant</span> <span class='ocrx_word' id='word_1_157' title='bbox 940 2222 1119 2264; x_wconf 81' lang='lat' dir='ltr'>arbusta</span> <span class='ocrx_word' id='word_1_158' title='bbox 1138 2222 1312 2265; x_wconf 79' lang='lat' dir='ltr'>cicadis.</span> 
     </span>
     <span class='ocr_line' id='line_1_25' title="bbox 305 2292 1325 2347; baseline 0.004 -15"><span class='ocrx_word' id='word_1_159' title='bbox 305 2294 466 2335; x_wconf 89' lang='lat' dir='ltr'>Nonne</span> <span class='ocrx_word' id='word_1_160' title='bbox 487 2292 568 2334; x_wconf 82' lang='lat' dir='ltr'>suit</span> <span class='ocrx_word' id='word_1_161' title='bbox 590 2292 724 2333; x_wconf 79' lang='lat' dir='ltr'>satius</span> <span class='ocrx_word' id='word_1_162' title='bbox 743 2323 753 2340; x_wconf 84' lang='lat'>‚</span> <span class='ocrx_word' id='word_1_163' title='bbox 769 2292 916 2334; x_wconf 84' lang='lat' dir='ltr'>tristes</span> <span class='ocrx_word' id='word_1_164' title='bbox 936 2292 1219 2347; x_wconf 77' lang='lat' dir='ltr'>Amaryllidis</span> <span class='ocrx_word' id='word_1_165' title='bbox 1237 2294 1325 2336; x_wconf 83' lang='lat' dir='ltr'>iras</span> 
     </span>
     <span class='ocr_line' id='line_1_26' title="bbox 307 2361 1443 2416; baseline 0.004 -14"><span class='ocrx_word' id='word_1_166' title='bbox 307 2364 452 2416; x_wconf 83' lang='lat' dir='ltr'>Atque</span> <span class='ocrx_word' id='word_1_167' title='bbox 471 2362 658 2415; x_wconf 83' lang='lat' dir='ltr'>superba</span> <span class='ocrx_word' id='word_1_168' title='bbox 676 2362 765 2416; x_wconf 82' lang='lat' dir='ltr'>pati</span> <span class='ocrx_word' id='word_1_169' title='bbox 793 2361 1002 2404; x_wconf 82' lang='lat' dir='ltr'>fastidia?</span> <span class='ocrx_word' id='word_1_170' title='bbox 1019 2374 1170 2406; x_wconf 88' lang='lat' dir='ltr'>nonne</span> <span class='ocrx_word' id='word_1_171' title='bbox 1190 2365 1417 2407; x_wconf 84' lang='lat' dir='ltr'>Menalcan</span> <span class='ocrx_word' id='word_1_172' title='bbox 1434 2398 1443 2415; x_wconf 81' lang='grc'><em>,</em></span> 
     </span>
     <span class='ocr_line' id='line_1_27' title="bbox 307 2429 1423 2483; baseline 0.001 -11"><span class='ocrx_word' id='word_1_173' title='bbox 307 2432 512 2482; x_wconf 84' lang='lat' dir='ltr'>Quamvis</span> <span class='ocrx_word' id='word_1_174' title='bbox 529 2430 598 2474; x_wconf 89' lang='lat' dir='ltr'>ille</span> <span class='ocrx_word' id='word_1_175' title='bbox 616 2431 755 2483; x_wconf 85' lang='lat' dir='ltr'>niger,</span> <span class='ocrx_word' id='word_1_176' title='bbox 778 2432 976 2482; x_wconf 80' lang='lat' dir='ltr'>quamvis</span> <span class='ocrx_word' id='word_1_177' title='bbox 992 2434 1038 2473; x_wconf 86' lang='lat' dir='ltr'>tu</span> <span class='ocrx_word' id='word_1_178' title='bbox 1058 2429 1271 2476; x_wconf 82' lang='lat' dir='ltr'>candidus</span> <span class='ocrx_word' id='word_1_179' title='bbox 1290 2434 1423 2476; x_wconf 75' lang='lat' dir='ltr'>esse-s?</span> 
     </span>
    </p>
   </div>
  </div>
 </body>
</html>
