1917 2942
340 331 422 370 478
713 331 971 372 AENEIDOS
1001 332 1163 373 LIBER
1193 334 1291 372 XII.
1573 335 1649 375 934

340 416 553 460 Anchises
570 418 790 470 genitor),
813 418 956 459 Dauni
975 418 1184 462 miserere
1204 423 1418 469 senectae;

337 490 394 527 Et
412 499 498 534 me,
519 498 597 530 seu
616 497 776 542 corpus
795 488 1033 542 spoliatum
1052 489 1219 532 lumine
1242 490 1404 537 mavis,

338 556 492 600 Redde
509 557 630 599 meis.
649 557 825 605 Vicisti3
848 560 892 600 et
913 559 1080 600 victum
1100 559 1285 602 tendere
1301 560 1470 613 palmas

340 627 523 669 Ausonii
546 626 696 669 videre
716 639 726 664 z
750 632 825 669 tua
844 629 910 669 est
930 630 1112 669 Lavinia
1128 632 1292 680 conjux
1310 646 1319 670 :

340 696 532 739 Ulterius
548 707 605 738 ne
626 695 758 739 tende
779 696 915 739 odiis!
941 712 959 736 »
984 698 1114 741 Stetit
1130 709 1230 742 acer
1249 700 1296 741 in
1315 702 1447 742 armis

342 769 497 809 AEneas
515 798 528 816 ‚
547 766 734 808 volvens
753 766 906 809 oculos
924 798 934 814 ‚
957 768 1243 822 dextramque
1263 771 1493 823 repressit;

340 839 396 878 Et
411 837 504 887 jam
520 837 699 888 jamque
721 837 857 889 magis
873 841 1159 880 cunctantem
1184 838 1358 882 flectere
1377 851 1524 883 sermo

342 908 549 959 Coeperat
567 922 577 945 ε
596 904 750 947 infelix
771 904 956 947 humero
980 918 1113 958 quum
1133 907 1337 962 adparuit
1356 909 1444 950 alto

342 975 521 1017 Balteus
537 1007 549 1025 ,
571 978 616 1017 et
643 975 762 1016 notis
783 975 1004 1018 fulserunt
1017 977 1190 1029 cingula
1209 977 1340 1020 bullis

338 1044 554 1086 Pallantis
572 1045 698 1098 pueri
717 1061 728 1093 ;
755 1045 923 1087 victum
944 1057 1077 1099 quem
1095 1047 1277 1088 vulnere
1297 1051 1471 1090 Turnus

338 1117 583 1162 straverat,
611 1118 745 1169 atque
773 1113 968 1158 humeris
991 1115 1223 1159 inimicum
1241 1117 1413 1170 insigne
1431 1119 1623 1171 gerebat.

339 1185 417 1227 Ille
437 1217 446 1234 .
469 1185 608 1227 oculis
624 1188 857 1239 postquam
878 1187 983 1227 saevi
1001 1190 1292 1229 monumenta
1313 1187 1479 1229 doloris

344 1255 621 1308 Exuviasque
638 1253 805 1302 hausit,
827 1252 954 1296 furiis
976 1253 1190 1296 adcensus
1209 1284 1218 1302 ,
1240 1258 1285 1296 et
1302 1255 1368 1296 ira

343 1323 569 1366 Terribilis
588 1340 598 1364 :
618 1338 634 1361 α
661 1328 784 1366 Tune
804 1323 910 1365 hinc
928 1323 1080 1377 spoliis
1097 1323 1251 1365 indute
1270 1335 1473 1367 meorum

340 1393 541 1447 Eripiare
560 1391 699 1433 mihi?
721 1392 864 1434 Pallas
886 1395 926 1434 te
943 1392 1029 1433 hoc
1047 1393 1230 1435 vulnere
1249 1425 1258 1440 ‚
1277 1393 1419 1436 Pallas

340 1463 572 1509 Immolat,
592 1465 637 1505 et
655 1472 832 1516 poenam
846 1463 1059 1504 scelerato
1078 1474 1129 1504 ex
1146 1464 1359 1515 sanguine
1379 1465 1528 1506 sumit.
1555 1481 1570 1502 n

395 1535 493 1574 Hoc
510 1532 686 1579 dicens,
710 1530 875 1573 serrum
893 1530 1080 1573 adverso
1098 1531 1177 1573 sub
1196 1535 1376 1586 pectore
1397 1534 1549 1575 condit

340 1602 552 1645 Fet-vidus
573 1618 583 1641 :
604 1604 669 1643 ast
689 1602 754 1643 illi
773 1602 1010 1643 solvuntur
1031 1600 1197 1654 frigore
1217 1601 1413 1644 membra
1432 1634 1441 1650 ,

343 1672 528 1726 vitaque
547 1681 651 1713 cum
667 1671 833 1724 gemitu
853 1669 967 1723 fugit
984 1670 1214 1723 indignata
1230 1670 1312 1713 sub
1331 1671 1518 1714 umbram
