1917 2942
399 324 422 356 8
758 321 806 357 P.
840 319 1081 359 t‘llzGlLll
1112 320 1363 359 MAROle

393 406 686 459 Maecenatis,
706 406 841 465 cujus
862 418 953 466 ope
977 419 1062 452 sua
1080 410 1354 465 receperat.
1379 408 1606 454 Incubuit
1622 422 1706 454 au-

394 487 488 530 ten]
511 485 649 544 operi
672 485 768 530 tam
791 486 920 531 terso
957 486 1004 530 et
1024 484 1193 531 limato
1215 497 1301 543 per
1324 474 1508 545 septem
1529 498 1678 534 annos
1694 523 1705 540 ,

382 552 604 610 'maxime
625 563 848 622 Neapoli.
870 567 938 611 Ac
957 564 1075 610 tunc
1100 564 1337 623 temporis
1357 564 1569 611 traditur
1590 579 1708 625 quo--

392 643 509 689 tidie
530 641 783 689 meditatos
807 655 950 689 mane
974 642 1210 700 plurimos
1238 655 1404 689 versus
1427 641 1611 690 dictare
1631 657 1707 690 so-

391 721 523 775 litu&
549 734 669 781 quos
692 734 779 780 per
804 723 962 768 totum
982 721 1111 767 diem
1132 721 1440 768 retractando
1456 721 1710 782 redigebat

393 799 454 847 ad
470 799 813 859 paucissim083
838 813 989 858 quum
1011 800 1115 859 ipse
1136 800 1318 845 diceret
1339 812 1511 859 parere
1525 813 1573 846 se
1598 813 1706 847 ver-

395 893 475 925 sus
496 892 632 926 more
647 879 815 926 ursino
835 897 846 925 :
872 893 985 926 nam
1009 885 1226 926 recentes
1246 881 1431 940 ingenii
1446 883 1520 928 sui
1542 885 1707 942 partus

396 963 508 1009 rudi
530 976 631 1011 esse
654 965 700 1009 et
722 963 1006 1022 imperfecta
1033 962 1157 1008 facie
1170 979 1183 1016 3
1224 963 1305 1008 sed
1327 963 1501 1009 deinde
1520 962 1708 1023 fingen—

396 1042 481 1095 do,
514 1040 894 1100 tractandoque,
921 1040 1125 1087 reddere
1147 1052 1196 1086 se
1216 1041 1273 1086 iis
1296 1041 1394 1087 oris
1413 1042 1461 1087 et
1483 1041 1710 1088 vullusli—

398 1122 667 1170 neameuta.

460 1201 593 1245 Tum
619 1198 843 1259 concepit
865 1199 1030 1246 animo
1049 1197 1364 1258 magnificam
1385 1198 1516 1244 illan]
1535 1199 1710 1244 molem

399 1278 632 1325 AEneidos
646 1312 658 1331 ‚
682 1279 817 1337 cujus
840 1279 1095 1324 consilium
1112 1278 1275 1337 paucis
1289 1278 1531 1324 delineare
1552 1291 1711 1337 operae

399 1357 609 1417 pretium,
630 1358 717 1403 est.
747 1356 839 1403 Vix
864 1357 1173 1415 'requieverat
1191 1358 1412 1403 Romana
1438 1368 1514 1402 res
1540 1356 1601 1402 ab
1632 1357 1710 1403 illa

394 1436 655 1494 jactatione
668 1434 903 1480 bellorum
927 1434 1144 1481 civilium
1161 1469 1173 1488 ,
1197 1434 1374 1492 quibus
1398 1447 1424 1479 a
1445 1435 1587 1480 Marii
1603 1433 1710 1494 Syl—

398 1515 552 1573 laeque
582 1512 885 1572 temporibus
916 1512 974 1558 ad
1015 1513 1263 1558 Actiacam
1301 1525 1456 1572 usque
1495 1525 1709 1572 pugnarn

397 1604 657 1644 concussa,
687 1590 826 1637 toties
849 1589 898 1636 in
923 1589 1116 1636 ruinam
1141 1590 1482 1637 inclinaverat.
1508 1590 1624 1638 Sine
1644 1593 1710 1637 ri-

398 1672 491 1716 vali
508 1670 703 1730 quiden]
725 1670 986 1728 Augustus,
1007 1671 1056 1714 at
1075 1682 1171 1716 non
1195 1670 1296 1716 sine
1318 1670 1519 1724 invidia,
1545 1683 1711 1716 rerum

399 1748 673 1806 potiebatur
697 1763 706 1789 :
736 1759 833 1792 non
851 1746 951 1804 jam
973 1747 1148 1805 praeliis
1184 1748 1462 1805 petebatur,
1490 1747 1569 1795 sed
1594 1749 1710 1794 insi—

400 1826 516 1880 diis;
562 1826 887 1885 erumpebant
923 1839 1048 1883 saepe
1087 1827 1445 1885 conjurationes
1483 1827 1530 1872 in
1570 1830 1712 1886 caput

400 1903 637 1962 principis
649 1921 662 1957 3
710 1903 970 1962 jacensque
1002 1904 1102 1962 jam
1135 1905 1182 1950 et
1219 1905 1461 1951 emoriens
1492 1906 1711 1951 Romana

400 1982 621 2033 libertas,
666 1982 817 2027 instar
855 1982 1057 2028 valentis
1090 1983 1334 2041 corporiS,
1375 1983 1521 2030 etiam
1562 1982 1612 2028 in
1637 1996 1711 2028 er-

402 2067 558 2107 trenm
599 2060 774 2119 spiritu
808 2061 996 2111 minax,
1040 2072 1151 2105 cun]
1191 2060 1377 2106 victore
1418 2059 1709 2105 luctabatur.

402 2141 503 2185 Hos
525 2139 803 2185 animorum
818 2139 959 2184 festus
984 2138 1152 2184 sedare
1171 2139 1407 2196 Virgilius
1424 2137 1511 2184 sibi
1538 2149 1712 2196 propo-

404 2219 500 2265 suit
515 2235 527 2271 3
551 2219 837 2276 'tenerasque
856 2219 902 2261 et
927 2230 979 2263 ex
1005 2217 1282 2263 recentibus
1321 2216 1605 2264 vulneribus
1631 2215 1713 2260 ad-

404 2300 500 2345 huc
540 2299 705 2344 molles
741 2299 1077 2344 Romanorum
1116 2299 1301 2343 mentes
1331 2298 1395 2344 ita
1437 2296 1529 2342 levi
1567 2309 1715 2342 manu

406 2379 615 2424 tractare
632 2411 645 2430 ,
673 2379 725 2423 ut
749 2376 950 2437 Augusti
980 2377 1240 2437 imperium
1262 2389 1400 2435 aequo
1421 2376 1584 2423 animo
1620 2374 1715 2421 fetu

405 2459 532 2506 rent.
