1917 2942
357 325 407 365 98
836 323 1171 363 GEORGICON
1602 323 1674 363 ¹08

357 413 547 461 Jamque
563 405 767 455 humiles,
786 407 969 459 jamque
982 407 1085 450 elati
1106 406 1294 449 sublime
1315 406 1521 450 videntur

358 477 468 519 Aera
489 487 569 530 per
584 486 776 517 vacuum
799 475 921 529 ferri,
944 479 1074 530 atque
1091 475 1332 528 adsurgere
1349 477 1395 517 in
1411 488 1553 518 auras.

359 550 449 590 Nec
468 557 609 598 mora,
635 556 719 588 nec
735 549 910 599 requies
933 551 1003 588 :at
1025 545 1155 588 sulvae
1183 546 1361 587 nimbus
1376 557 1519 588 arenae

359 616 570 663 Tollitur;
590 615 858 657 humescunt
877 616 1044 671 spumis
1067 615 1257 669 flatuque
1281 620 1570 669 sequentum:

360 687 526 727 Tantus
545 696 670 727 amor
682 684 864 726 laudum
884 716 892 733 ,
916 688 1050 726 tantae
1071 686 1137 727 est
1153 685 1338 727 victoria
1358 695 1473 726 curae
1492 688 1502 726 2

360 755 536 796 Primus
554 753 868 796 Erichthonius
888 765 1044 796 currus
1066 758 1111 797 et
1130 756 1321 807 quatuor
1339 765 1468 796 ausus

360 828 556 878 Jungere
575 836 735 878 equos,
753 824 1022 879 rapidusque
1037 827 1145 867 rotis
1164 826 1365 867 insistere
1384 825 1544 866 victor.

361 897 504 937 Frena
521 892 793 936 Pelethronii
815 893 1013 948 Lapithae
1035 905 1259 947 gyrosque
1281 893 1441 936 dedere

361 962 565 1018 Impositi
586 961 734 1010 dorso,
753 963 885 1013 atque
906 962 1103 1014 equitem
1124 961 1317 1004 docuere
1333 959 1412 1002 sub
1433 961 1565 1002 armis

361 1032 577 1074 Insultare
596 1029 707 1083 solo,
727 1033 773 1073 et
788 1042 959 1083 gressus
975 1033 1220 1084 glomerare
1239 1029 1467 1082 superbos.

364 1104 530 1155 AEquus
546 1105 732 1155 uterque
748 1100 894 1143 labor:
919 1112 1043 1154 aeque
1057 1102 1358 1153 juvenemque
1377 1100 1573 1152 magistri

363 1171 639 1225 Exquirunt,
662 1169 942 1222 calidumque
963 1170 1119 1211 animis
1136 1201 1146 1221 ,
1165 1173 1210 1211 et
1228 1168 1427 1211 cursibus
1443 1179 1588 1211 acrem
1604 1184 1614 1217 ;

364 1240 573 1291 Quamvis
592 1250 705 1294 saepe
726 1237 831 1291 fuga
845 1249 996 1281 versos
1015 1239 1090 1281 ille
1109 1238 1249 1290 egerit
1264 1237 1411 1280 hostes
1426 1269 1436 1285 .

364 1312 419 1351 Et
436 1309 625 1365 patriam
644 1308 831 1362 Epirum
845 1307 1027 1356 reserat,
1050 1306 1273 1360 fortesque
1291 1310 1516 1359 Mycenas,

366 1379 650 1432 Neptunique
664 1379 758 1431 ipsa
774 1377 965 1420 deducat
985 1377 1156 1429 origine
1176 1379 1372 1429 gentem.

418 1448 497 1489 His
518 1447 850 1495 animadversis,
871 1438 1039 1488 instant
1057 1447 1138 1489 sub
1158 1450 1355 1502 tempus,
1383 1448 1427 1490 et
1448 1458 1601 1490 omnes

363 1517 634 1571 Impendunt
650 1528 777 1559 curas
791 1546 801 1567 ,
822 1515 959 1558 denso
974 1514 1224 1559 distendere
1244 1515 1414 1569 pingui,

365 1588 509 1636 Quem
523 1586 671 1638 legere
692 1584 850 1627 ducem
869 1617 877 1633 ‚
902 1587 946 1627 et
961 1586 1114 1639 pecori
1132 1585 1279 1627 dixere
1298 1585 1532 1634 maritum;

366 1655 675 1707 pubentesque
693 1657 847 1696 secant
864 1653 1019 1697 herbas
1039 1687 1047 1703 ‚
1073 1653 1318 1707 fluviosque
1333 1653 1608 1702 ministrant,

365 1727 615 1778 Farraque3
637 1734 693 1767 ne
710 1723 874 1765 blando
894 1725 1090 1775 nequeat
1109 1733 1337 1777 superesse
1354 1723 1519 1775 labori,

364 1794 642 1848 Invalidique
657 1795 833 1849 patrum
853 1792 1051 1835 referant
1063 1792 1233 1845 jejunia
1247 1792 1357 1833 nati.

369 1868 470 1920 Ipsa
490 1865 638 1906 autem
652 1863 793 1906 macie
809 1863 1001 1905 tenuant
1023 1865 1221 1903 armenta
1239 1861 1440 1904 volentes
1455 1876 1466 1909 ;

364 1940 524 1989 Atque,
538 1935 614 1976 ubi
635 1933 901 1976 concubitus
915 1933 1081 1986 primos
1089 1933 1184 1983 jam
1203 1936 1310 1973 nota
1323 1932 1527 1986 voluptas

366 2004 602 2055 Sollicitat,
621 2001 887 2057 frondesque
916 2005 1110 2053 negant,
1135 2003 1179 2043 et
1195 1998 1389 2042 sontibus
1410 2002 1587 2047 arcent;

364 2078 487 2127 Saepe
503 2074 635 2116 etiam
654 2085 785 2116 cursu
806 2072 1039 2126 quatiunt,
1061 2073 1105 2113 et
1122 2071 1215 2112 sole
1244 2069 1455 2122 fatigant,

364 2147 513 2195 Quum
530 2144 720 2197 graviter
736 2144 874 2185 tunsis
889 2142 1024 2193 gemit
1041 2151 1141 2182 area
1161 2138 1381 2193 frugibus,
1404 2142 1448 2182 et
1464 2151 1601 2193 quum

365 2216 628 2266 Surgentem
647 2213 703 2256 ad
717 2212 971 2266 Zephyrum
992 2211 1129 2265 paleae
1146 2212 1372 2262 jactantur
1391 2212 1561 2253 inanes.

366 2286 466 2326 Hoc
481 2282 671 2331 faciunt,
691 2282 831 2324 nimio
854 2293 910 2324 ne
930 2282 1039 2323 luxu
1060 2280 1259 2323 obtusior
1278 2292 1383 2322 usus

368 2353 428 2395 Sit
447 2352 628 2406 genitali
649 2363 769 2400 arvo,
800 2354 846 2392 et
863 2351 1008 2393 sulcos
1026 2350 1207 2393 oblimet
1225 2352 1413 2399 inertes;

367 2422 452 2467 Sed
470 2423 609 2478 rapiat
626 2421 778 2465 sitiens
796 2425 1038 2468 Venerem,
1061 2420 1330 2474 interiusque
1348 2418 1572 2462 recondat.
