<?xml version="1.0" encoding="UTF-8"?>
<!DOCTYPE html PUBLIC "-//W3C//DTD XHTML 1.0 Transitional//EN"
    "http://www.w3.org/TR/xhtml1/DTD/xhtml1-transitional.dtd">
<html xmlns="http://www.w3.org/1999/xhtml" xml:lang="en" lang="en">
 <head>
  <title>
</title>
<meta http-equiv="Content-Type" content="text/html;charset=utf-8" />
  <meta name='ocr-system' content='tesseract 3.04.00' />
  <meta name='ocr-capabilities' content='ocr_page ocr_carea ocr_par ocr_line ocrx_word'/>
</head>
<body>
  <div class='ocr_page' id='page_1' title='image "./publiivirgiliim01unkngoog/publiivirgiliim01unkngoog_0484.png"; bbox 0 0 1917 2942; ppageno 0'>
   <div class='ocr_carea' id='block_1_1' title="bbox 387 297 1673 344">
    <p class='ocr_par' dir='ltr' id='par_1_1' title="bbox 387 297 1673 344">
     <span class='ocr_line' id='line_1_1' title="bbox 387 297 1673 344; baseline 0.007 -9"><span class='ocrx_word' id='word_1_1' title='bbox 387 297 464 336; x_wconf 68' lang='lat'>482</span> <span class='ocrx_word' id='word_1_2' title='bbox 681 308 688 313; x_wconf 89' lang='lat'><strong>·</strong></span> <span class='ocrx_word' id='word_1_3' title='bbox 937 300 1141 339; x_wconf 82' lang='lat' dir='ltr'>CULEX.</span> <span class='ocrx_word' id='word_1_4' title='bbox 1634 307 1673 344; x_wconf 70' lang='lat'>8!</span> 
     </span>
    </p>
   </div>
   <div class='ocr_carea' id='block_1_2' title="bbox 382 378 1607 2463">
    <p class='ocr_par' dir='ltr' id='par_1_2' title="bbox 382 378 1607 2463">
     <span class='ocr_line' id='line_1_2' title="bbox 384 378 1425 433; baseline 0.006 -12"><span class='ocrx_word' id='word_1_5' title='bbox 384 382 474 422; x_wconf 89' lang='lat' dir='ltr'>Nec</span> <span class='ocrx_word' id='word_1_6' title='bbox 492 378 663 422; x_wconf 74' lang='lat' dir='ltr'>funesta</span> <span class='ocrx_word' id='word_1_7' title='bbox 684 380 808 422; x_wconf 86' lang='lat' dir='ltr'>timet</span> <span class='ocrx_word' id='word_1_8' title='bbox 822 379 978 422; x_wconf 68' lang='lat' dir='ltr'>validae</span> <span class='ocrx_word' id='word_1_9' title='bbox 994 383 1235 426; x_wconf 85' lang='lat' dir='ltr'>certamina</span> <span class='ocrx_word' id='word_1_10' title='bbox 1256 384 1425 433; x_wconf 80' lang='lat' dir='ltr'>classis;</span> 
     </span>
     <span class='ocr_line' id='line_1_3' title="bbox 384 448 1547 504; baseline 0.005 -16"><span class='ocrx_word' id='word_1_11' title='bbox 384 449 508 497; x_wconf 85' lang='lat' dir='ltr'>Nou,</span> <span class='ocrx_word' id='word_1_12' title='bbox 531 448 677 501; x_wconf 74' lang='lat' dir='ltr'>spoliis</span> <span class='ocrx_word' id='word_1_13' title='bbox 692 448 797 489; x_wconf 87' lang='lat' dir='ltr'>dum</span> <span class='ocrx_word' id='word_1_14' title='bbox 813 451 965 491; x_wconf 83' lang='lat' dir='ltr'>sancta</span> <span class='ocrx_word' id='word_1_15' title='bbox 983 449 1115 491; x_wconf 74' lang='lat' dir='ltr'>deum</span> <span class='ocrx_word' id='word_1_16' title='bbox 1132 450 1402 504; x_wconf 80' lang='lat' dir='ltr'>fulgentibus</span> <span class='ocrx_word' id='word_1_17' title='bbox 1419 457 1547 496; x_wconf 89' lang='lat' dir='ltr'>ornet</span> 
     </span>
     <span class='ocr_line' id='line_1_4' title="bbox 384 516 1529 571; baseline 0.004 -14"><span class='ocrx_word' id='word_1_18' title='bbox 384 517 580 571; x_wconf 79' lang='lat' dir='ltr'>Templa,</span> <span class='ocrx_word' id='word_1_19' title='bbox 600 517 672 560; x_wconf 86' lang='lat' dir='ltr'>vel</span> <span class='ocrx_word' id='word_1_20' title='bbox 687 517 851 560; x_wconf 85' lang='lat' dir='ltr'>electus</span> <span class='ocrx_word' id='word_1_21' title='bbox 871 516 1005 561; x_wconf 81' lang='lat' dir='ltr'>tinem</span> <span class='ocrx_word' id='word_1_22' title='bbox 1021 519 1306 562; x_wconf 79' lang='lat' dir='ltr'>transcendat</span> <span class='ocrx_word' id='word_1_23' title='bbox 1322 521 1529 569; x_wconf 81' lang='lat' dir='ltr'>habendi.</span> 
     </span>
     <span class='ocr_line' id='line_1_5' title="bbox 385 585 1425 642; baseline 0.006 -16"><span class='ocrx_word' id='word_1_24' title='bbox 385 585 634 628; x_wconf 81' lang='lat' dir='ltr'>Adversum</span> <span class='ocrx_word' id='word_1_25' title='bbox 647 588 773 629; x_wconf 64' lang='lat' dir='ltr'>saevis</span> <span class='ocrx_word' id='word_1_26' title='bbox 787 588 906 630; x_wconf 84' lang='lat' dir='ltr'>ultro</span> <span class='ocrx_word' id='word_1_27' title='bbox 925 592 1059 642; x_wconf 88' lang='lat' dir='ltr'>caput</span> <span class='ocrx_word' id='word_1_28' title='bbox 1071 588 1267 632; x_wconf 83' lang='lat' dir='ltr'><strong>hostibus</strong></span> <span class='ocrx_word' id='word_1_29' title='bbox 1283 590 1425 634; x_wconf 78' lang='lat' dir='ltr'>offert.</span> 
     </span>
     <span class='ocr_line' id='line_1_6' title="bbox 383 654 1410 713; baseline 0.004 -17"><span class='ocrx_word' id='word_1_30' title='bbox 383 656 455 697; x_wconf 89' lang='lat' dir='ltr'>Illi</span> <span class='ocrx_word' id='word_1_31' title='bbox 477 654 586 700; x_wconf 86' lang='lat' dir='ltr'>falce</span> <span class='ocrx_word' id='word_1_32' title='bbox 605 656 712 699; x_wconf 87' lang='lat' dir='ltr'>deus</span> <span class='ocrx_word' id='word_1_33' title='bbox 725 657 899 705; x_wconf 83' lang='lat' dir='ltr'>colitur.</span> <span class='ocrx_word' id='word_1_34' title='bbox 920 669 1013 699; x_wconf 86' lang='lat' dir='ltr'>non</span> <span class='ocrx_word' id='word_1_35' title='bbox 1029 662 1146 706; x_wconf 79' lang='lat' dir='ltr'>arte,</span> <span class='ocrx_word' id='word_1_36' title='bbox 1173 660 1335 713; x_wconf 84' lang='lat' dir='ltr'>politus</span> <span class='ocrx_word' id='word_1_37' title='bbox 1357 677 1367 700; x_wconf 74' lang='grc' dir='ltr'>ι</span> <span class='ocrx_word' id='word_1_38' title='bbox 1408 671 1410 673; x_wconf 94' lang='grc'><strong><em>·</em></strong></span> 
     </span>
     <span class='ocr_line' id='line_1_7' title="bbox 383 725 1253 780; baseline 0.007 -15"><span class='ocrx_word' id='word_1_39' title='bbox 383 726 461 768; x_wconf 87' lang='lat' dir='ltr'>Ille</span> <span class='ocrx_word' id='word_1_40' title='bbox 476 725 583 769; x_wconf 85' lang='lat' dir='ltr'>colit</span> <span class='ocrx_word' id='word_1_41' title='bbox 598 726 747 775; x_wconf 82' lang='lat' dir='ltr'>lucos;</span> <span class='ocrx_word' id='word_1_42' title='bbox 770 727 833 768; x_wconf 86' lang='lat' dir='ltr'>illi</span> <span class='ocrx_word' id='word_1_43' title='bbox 852 759 861 776; x_wconf 84' lang='lat'>,</span> <span class='ocrx_word' id='word_1_44' title='bbox 885 728 1107 771; x_wconf 81' lang='lat' dir='ltr'>Panchaia</span> <span class='ocrx_word' id='word_1_45' title='bbox 1126 734 1225 771; x_wconf 87' lang='lat' dir='ltr'>tura</span> <span class='ocrx_word' id='word_1_46' title='bbox 1242 759 1253 780; x_wconf 84' lang='lat'><strong>,</strong></span> 
     </span>
     <span class='ocr_line' id='line_1_8' title="bbox 385 794 1478 848; baseline 0.005 -13"><span class='ocrx_word' id='word_1_47' title='bbox 385 794 586 837; x_wconf 86' lang='lat' dir='ltr'>Floribus</span> <span class='ocrx_word' id='word_1_48' title='bbox 602 799 791 848; x_wconf 79' lang='lat' dir='ltr'>agrestes</span> <span class='ocrx_word' id='word_1_49' title='bbox 808 795 956 838; x_wconf 77' lang='lat' dir='ltr'>herbae</span> <span class='ocrx_word' id='word_1_50' title='bbox 972 796 1241 839; x_wconf 78' lang='lat' dir='ltr'>variantibus</span> <span class='ocrx_word' id='word_1_51' title='bbox 1260 828 1268 844; x_wconf 91' lang='lat'><strong>‚</strong></span> <span class='ocrx_word' id='word_1_52' title='bbox 1292 797 1451 840; x_wconf 81' lang='lat' dir='ltr'>adsunt</span> <span class='ocrx_word' id='word_1_53' title='bbox 1468 815 1478 846; x_wconf 91' lang='lat'><strong>;</strong></span> 
     </span>
     <span class='ocr_line' id='line_1_9' title="bbox 383 865 1408 922; baseline 0.003 -16"><span class='ocrx_word' id='word_1_54' title='bbox 383 865 447 906; x_wconf 84' lang='lat' dir='ltr'>Illi</span> <span class='ocrx_word' id='word_1_55' title='bbox 467 865 609 907; x_wconf 85' lang='lat' dir='ltr'>dulcis</span> <span class='ocrx_word' id='word_1_56' title='bbox 625 865 749 909; x_wconf 82' lang='lat' dir='ltr'>adest</span> <span class='ocrx_word' id='word_1_57' title='bbox 767 867 942 920; x_wconf 83' lang='lat' dir='ltr'>requies</span> <span class='ocrx_word' id='word_1_58' title='bbox 959 897 967 914; x_wconf 90' lang='lat'><em>‚</em></span> <span class='ocrx_word' id='word_1_59' title='bbox 990 870 1034 909; x_wconf 87' lang='lat' dir='ltr'>et</span> <span class='ocrx_word' id='word_1_60' title='bbox 1045 879 1162 920; x_wconf 61' lang='lat' dir='ltr'>«pura</span> <span class='ocrx_word' id='word_1_61' title='bbox 1176 867 1381 922; x_wconf 83' lang='lat' dir='ltr'>voluptas</span> <span class='ocrx_word' id='word_1_62' title='bbox 1400 899 1408 914; x_wconf 90' lang='lat'>‚</span> 
     </span>
     <span class='ocr_line' id='line_1_10' title="bbox 386 935 1532 989; baseline 0.003 -14"><span class='ocrx_word' id='word_1_63' title='bbox 386 935 539 978; x_wconf 85' lang='lat' dir='ltr'>Libera</span> <span class='ocrx_word' id='word_1_64' title='bbox 552 967 562 987; x_wconf 83' lang='lat'>‚</span> <span class='ocrx_word' id='word_1_65' title='bbox 582 936 856 989; x_wconf 68' lang='lat' dir='ltr'>simplicibus</span> <span class='ocrx_word' id='word_1_66' title='bbox 875 938 992 980; x_wconf 88' lang='lat' dir='ltr'>curis</span> <span class='ocrx_word' id='word_1_67' title='bbox 1009 950 1018 974; x_wconf 74' lang='grc' dir='ltr'><strong><em>ε</em></strong></span> <span class='ocrx_word' id='word_1_68' title='bbox 1038 936 1126 980; x_wconf 90' lang='lat' dir='ltr'>buc</span> <span class='ocrx_word' id='word_1_69' title='bbox 1144 938 1361 986; x_wconf 79' lang='lat' dir='ltr'>imminet,</span> <span class='ocrx_word' id='word_1_70' title='bbox 1389 939 1532 981; x_wconf 85' lang='lat' dir='ltr'>omnis</span> 
     </span>
     <span class='ocr_line' id='line_1_11' title="bbox 385 1006 1529 1059; baseline 0.001 -11"><span class='ocrx_word' id='word_1_71' title='bbox 385 1008 544 1059; x_wconf 81' lang='lat' dir='ltr'>Dirigit</span> <span class='ocrx_word' id='word_1_72' title='bbox 560 1006 647 1050; x_wconf 88' lang='lat' dir='ltr'>huc</span> <span class='ocrx_word' id='word_1_73' title='bbox 667 1019 844 1054; x_wconf 87' lang='lat' dir='ltr'>sensus,</span> <span class='ocrx_word' id='word_1_74' title='bbox 866 1007 963 1050; x_wconf 83' lang='lat' dir='ltr'>haec</span> <span class='ocrx_word' id='word_1_75' title='bbox 982 1018 1086 1050; x_wconf 84' lang='lat' dir='ltr'>cura</span> <span class='ocrx_word' id='word_1_76' title='bbox 1106 1010 1171 1050; x_wconf 89' lang='lat' dir='ltr'>est</span> <span class='ocrx_word' id='word_1_77' title='bbox 1189 1007 1362 1050; x_wconf 86' lang='lat' dir='ltr'>subdita</span> <span class='ocrx_word' id='word_1_78' title='bbox 1382 1009 1529 1055; x_wconf 85' lang='lat' dir='ltr'>cordi,</span> 
     </span>
     <span class='ocr_line' id='line_1_12' title="bbox 385 1076 1465 1129; baseline 0.004 -11"><span class='ocrx_word' id='word_1_79' title='bbox 385 1076 596 1126; x_wconf 83' lang='lat' dir='ltr'>Quolibet</span> <span class='ocrx_word' id='word_1_80' title='bbox 610 1078 660 1118; x_wconf 86' lang='lat' dir='ltr'>ut</span> <span class='ocrx_word' id='word_1_81' title='bbox 681 1077 832 1129; x_wconf 79' lang='lat' dir='ltr'>requie</span> <span class='ocrx_word' id='word_1_82' title='bbox 851 1077 969 1119; x_wconf 76' lang='lat' dir='ltr'>victu</span> <span class='ocrx_word' id='word_1_83' title='bbox 995 1078 1230 1119; x_wconf 78' lang='lat' dir='ltr'>contentus</span> <span class='ocrx_word' id='word_1_84' title='bbox 1247 1077 1465 1123; x_wconf 75' lang='lat' dir='ltr'>abundet,</span> 
     </span>
     <span class='ocr_line' id='line_1_13' title="bbox 384 1146 1473 1202; baseline 0.001 -15"><span class='ocrx_word' id='word_1_85' title='bbox 384 1146 679 1200; x_wconf 80' lang='lat' dir='ltr'>Jueundoque</span> <span class='ocrx_word' id='word_1_86' title='bbox 693 1146 798 1198; x_wconf 85' lang='lat' dir='ltr'>liget</span> <span class='ocrx_word' id='word_1_87' title='bbox 817 1147 1071 1199; x_wconf 73' lang='lat' dir='ltr'>languentia</span> <span class='ocrx_word' id='word_1_88' title='bbox 1095 1157 1284 1202; x_wconf 87' lang='lat' dir='ltr'>corpora</span> <span class='ocrx_word' id='word_1_89' title='bbox 1301 1158 1473 1190; x_wconf 88' lang='lat' dir='ltr'>somno.</span> 
     </span>
     <span class='ocr_line' id='line_1_14' title="bbox 387 1215 1447 1272; baseline 0.005 -16"><span class='ocrx_word' id='word_1_90' title='bbox 387 1219 424 1256; x_wconf 92' lang='grc'>0</span> <span class='ocrx_word' id='word_1_91' title='bbox 439 1215 652 1270; x_wconf 85' lang='lat' dir='ltr'>pecudes,</span> <span class='ocrx_word' id='word_1_92' title='bbox 674 1227 701 1258; x_wconf 92' lang='lat' dir='ltr'>o</span> <span class='ocrx_word' id='word_1_93' title='bbox 722 1219 885 1263; x_wconf 87' lang='lat' dir='ltr'>Panes,</span> <span class='ocrx_word' id='word_1_94' title='bbox 909 1218 954 1259; x_wconf 91' lang='lat' dir='ltr'>et</span> <span class='ocrx_word' id='word_1_95' title='bbox 974 1228 1001 1258; x_wconf 94' lang='lat' dir='ltr'>o</span> <span class='ocrx_word' id='word_1_96' title='bbox 1020 1218 1265 1269; x_wconf 82' lang='lat' dir='ltr'>gratissima</span> <span class='ocrx_word' id='word_1_97' title='bbox 1284 1221 1447 1272; x_wconf 82' lang='lat' dir='ltr'>Tempe</span> 
     </span>
     <span class='ocr_line' id='line_1_15' title="bbox 384 1287 1560 1341; baseline 0.002 -13"><span class='ocrx_word' id='word_1_98' title='bbox 384 1288 538 1329; x_wconf 90' lang='lat' dir='ltr'>Fontis</span> <span class='ocrx_word' id='word_1_99' title='bbox 558 1287 918 1341; x_wconf 82' lang='lat' dir='ltr'>Hamadryadum</span> <span class='ocrx_word' id='word_1_100' title='bbox 934 1304 945 1336; x_wconf 70' lang='grc' dir='ltr'><strong>ς</strong></span> <span class='ocrx_word' id='word_1_101' title='bbox 966 1299 1152 1340; x_wconf 82' lang='lat' dir='ltr'>quarum</span> <span class='ocrx_word' id='word_1_102' title='bbox 1171 1300 1262 1331; x_wconf 87' lang='lat' dir='ltr'>uon</span> <span class='ocrx_word' id='word_1_103' title='bbox 1281 1288 1419 1331; x_wconf 83' lang='lat' dir='ltr'>divite</span> <span class='ocrx_word' id='word_1_104' title='bbox 1438 1290 1560 1331; x_wconf 88' lang='lat' dir='ltr'>cultu</span> 
     </span>
     <span class='ocr_line' id='line_1_16' title="bbox 384 1358 1404 1412; baseline 0.002 -13"><span class='ocrx_word' id='word_1_105' title='bbox 384 1358 581 1399; x_wconf 87' lang='lat' dir='ltr'>AEmulus</span> <span class='ocrx_word' id='word_1_106' title='bbox 597 1362 774 1400; x_wconf 74' lang='lat' dir='ltr'>Ascraeo</span> <span class='ocrx_word' id='word_1_107' title='bbox 792 1361 942 1410; x_wconf 86' lang='lat' dir='ltr'>pastor</span> <span class='ocrx_word' id='word_1_108' title='bbox 960 1358 1041 1399; x_wconf 86' lang='lat' dir='ltr'>sibi</span> <span class='ocrx_word' id='word_1_109' title='bbox 1061 1358 1244 1412; x_wconf 85' lang='lat' dir='ltr'>quisque</span> <span class='ocrx_word' id='word_1_110' title='bbox 1265 1363 1404 1411; x_wconf 61' lang='lat' dir='ltr'>poetae</span> 
     </span>
     <span class='ocr_line' id='line_1_17' title="bbox 382 1427 1377 1482; baseline 0.001 -14"><span class='ocrx_word' id='word_1_111' title='bbox 382 1430 591 1470; x_wconf 82' lang='lat' dir='ltr'>securam</span> <span class='ocrx_word' id='word_1_112' title='bbox 615 1428 788 1482; x_wconf 84' lang='lat' dir='ltr'>placido</span> <span class='ocrx_word' id='word_1_113' title='bbox 808 1427 1000 1470; x_wconf 85' lang='lat' dir='ltr'>traducit</span> <span class='ocrx_word' id='word_1_114' title='bbox 1022 1431 1203 1482; x_wconf 81' lang='lat' dir='ltr'>pectore</span> <span class='ocrx_word' id='word_1_115' title='bbox 1223 1429 1377 1471; x_wconf 83' lang='lat' dir='ltr'>vitam.</span> 
     </span>
     <span class='ocr_line' id='line_1_18' title="bbox 383 1497 1428 1551; baseline 0.003 -14"><span class='ocrx_word' id='word_1_116' title='bbox 383 1497 555 1539; x_wconf 80' lang='lat' dir='ltr'>Talibus</span> <span class='ocrx_word' id='word_1_117' title='bbox 575 1498 622 1538; x_wconf 92' lang='lat' dir='ltr'>in</span> <span class='ocrx_word' id='word_1_118' title='bbox 639 1497 793 1539; x_wconf 87' lang='lat' dir='ltr'>studiis</span> <span class='ocrx_word' id='word_1_119' title='bbox 813 1497 970 1539; x_wconf 86' lang='lat' dir='ltr'>baculo</span> <span class='ocrx_word' id='word_1_120' title='bbox 986 1497 1091 1539; x_wconf 87' lang='lat' dir='ltr'>dum</span> <span class='ocrx_word' id='word_1_121' title='bbox 1112 1499 1240 1539; x_wconf 78' lang='lat' dir='ltr'>nixus</span> <span class='ocrx_word' id='word_1_122' title='bbox 1260 1498 1428 1551; x_wconf 82' lang='lat' dir='ltr'>apricas</span> 
     </span>
     <span class='ocr_line' id='line_1_19' title="bbox 384 1566 1427 1620; baseline 0.002 -12"><span class='ocrx_word' id='word_1_123' title='bbox 384 1569 541 1610; x_wconf 83' lang='lat' dir='ltr'>Pastor</span> <span class='ocrx_word' id='word_1_124' title='bbox 561 1567 652 1620; x_wconf 83' lang='lat' dir='ltr'>agit</span> <span class='ocrx_word' id='word_1_125' title='bbox 667 1578 794 1609; x_wconf 86' lang='lat' dir='ltr'>curas</span> <span class='ocrx_word' id='word_1_126' title='bbox 813 1600 822 1615; x_wconf 90' lang='lat'>,</span> <span class='ocrx_word' id='word_1_127' title='bbox 844 1570 887 1608; x_wconf 89' lang='lat' dir='ltr'>et</span> <span class='ocrx_word' id='word_1_128' title='bbox 910 1566 1015 1608; x_wconf 89' lang='lat' dir='ltr'>dum</span> <span class='ocrx_word' id='word_1_129' title='bbox 1036 1578 1129 1608; x_wconf 88' lang='lat' dir='ltr'>non</span> <span class='ocrx_word' id='word_1_130' title='bbox 1150 1570 1244 1610; x_wconf 86' lang='lat' dir='ltr'>arte</span> <span class='ocrx_word' id='word_1_131' title='bbox 1263 1579 1427 1611; x_wconf 82' lang='lat' dir='ltr'>canora</span> 
     </span>
     <span class='ocr_line' id='line_1_20' title="bbox 382 1637 1549 1692; baseline 0.002 -14"><span class='ocrx_word' id='word_1_132' title='bbox 382 1640 620 1692; x_wconf 83' lang='lat' dir='ltr'>compacta</span> <span class='ocrx_word' id='word_1_133' title='bbox 635 1638 810 1679; x_wconf 84' lang='lat' dir='ltr'>solitum</span> <span class='ocrx_word' id='word_1_134' title='bbox 829 1637 1088 1679; x_wconf 85' lang='lat' dir='ltr'>modulatur</span> <span class='ocrx_word' id='word_1_135' title='bbox 1108 1637 1325 1680; x_wconf 86' lang='lat' dir='ltr'>arundine</span> <span class='ocrx_word' id='word_1_136' title='bbox 1342 1650 1520 1682; x_wconf 84' lang='lat' dir='ltr'>carmen</span> <span class='ocrx_word' id='word_1_137' title='bbox 1539 1656 1549 1686; x_wconf 72' lang='grc' dir='ltr'>ς</span> 
     </span>
     <span class='ocr_line' id='line_1_21' title="bbox 382 1705 1408 1760; baseline 0.003 -14"><span class='ocrx_word' id='word_1_138' title='bbox 382 1705 544 1748; x_wconf 84' lang='lat' dir='ltr'>Tendit</span> <span class='ocrx_word' id='word_1_139' title='bbox 560 1708 785 1749; x_wconf 84' lang='lat' dir='ltr'>inevectus</span> <span class='ocrx_word' id='word_1_140' title='bbox 808 1706 954 1748; x_wconf 87' lang='lat' dir='ltr'>radios</span> <span class='ocrx_word' id='word_1_141' title='bbox 970 1705 1241 1760; x_wconf 76' lang='lat' dir='ltr'>Hyperionis</span> <span class='ocrx_word' id='word_1_142' title='bbox 1260 1706 1408 1755; x_wconf 80' lang='lat' dir='ltr'>ardor,</span> 
     </span>
     <span class='ocr_line' id='line_1_22' title="bbox 384 1776 1480 1832; baseline 0.003 -15"><span class='ocrx_word' id='word_1_143' title='bbox 384 1776 636 1830; x_wconf 83' lang='lat' dir='ltr'>Lucidaque</span> <span class='ocrx_word' id='word_1_144' title='bbox 653 1777 843 1819; x_wconf 84' lang='lat' dir='ltr'>aethereo</span> <span class='ocrx_word' id='word_1_145' title='bbox 862 1778 992 1832; x_wconf 88' lang='lat' dir='ltr'>ponit</span> <span class='ocrx_word' id='word_1_146' title='bbox 1011 1778 1266 1819; x_wconf 84' lang='lat' dir='ltr'>discrimina</span> <span class='ocrx_word' id='word_1_147' title='bbox 1286 1778 1455 1820; x_wconf 83' lang='lat' dir='ltr'>mundo</span> <span class='ocrx_word' id='word_1_148' title='bbox 1470 1809 1480 1829; x_wconf 92' lang='lat'><strong><em>‚</em></strong></span> 
     </span>
     <span class='ocr_line' id='line_1_23' title="bbox 383 1846 1607 1903; baseline -0.001 -15"><span class='ocrx_word' id='word_1_149' title='bbox 383 1848 477 1898; x_wconf 83' lang='lat' dir='ltr'>Qua</span> <span class='ocrx_word' id='word_1_150' title='bbox 495 1846 605 1898; x_wconf 81' lang='lat' dir='ltr'>jacit</span> <span class='ocrx_word' id='word_1_151' title='bbox 621 1848 848 1889; x_wconf 86' lang='lat' dir='ltr'>Oceanum</span> <span class='ocrx_word' id='word_1_152' title='bbox 871 1846 1068 1888; x_wconf 81' lang='lat' dir='ltr'>flammas</span> <span class='ocrx_word' id='word_1_153' title='bbox 1093 1848 1138 1888; x_wconf 91' lang='lat' dir='ltr'>in</span> <span class='ocrx_word' id='word_1_154' title='bbox 1159 1851 1395 1903; x_wconf 80' lang='lat' dir='ltr'>utrumque</span> <span class='ocrx_word' id='word_1_155' title='bbox 1415 1859 1607 1902; x_wconf 66' lang='lat' dir='ltr'>rapaces.</span> 
     </span>
     <span class='ocr_line' id='line_1_24' title="bbox 436 1917 1430 1973; baseline 0.003 -16"><span class='ocrx_word' id='word_1_156' title='bbox 436 1919 488 1957; x_wconf 89' lang='lat' dir='ltr'>Et</span> <span class='ocrx_word' id='word_1_157' title='bbox 500 1918 591 1968; x_wconf 83' lang='lat' dir='ltr'>jam</span> <span class='ocrx_word' id='word_1_158' title='bbox 609 1917 904 1969; x_wconf 81' lang='lat' dir='ltr'>compellente</span> <span class='ocrx_word' id='word_1_159' title='bbox 925 1928 1044 1968; x_wconf 64' lang='lat' dir='ltr'>vagae</span> <span class='ocrx_word' id='word_1_160' title='bbox 1064 1921 1238 1972; x_wconf 86' lang='lat' dir='ltr'>pastore</span> <span class='ocrx_word' id='word_1_161' title='bbox 1254 1919 1430 1973; x_wconf 63' lang='lat' dir='ltr'>capellae</span> 
     </span>
     <span class='ocr_line' id='line_1_25' title="bbox 385 1986 1426 2043; baseline 0.004 -16"><span class='ocrx_word' id='word_1_162' title='bbox 385 1988 478 2028; x_wconf 86' lang='lat' dir='ltr'>Ima</span> <span class='ocrx_word' id='word_1_163' title='bbox 491 1987 757 2029; x_wconf 84' lang='lat' dir='ltr'>susurrantis</span> <span class='ocrx_word' id='word_1_164' title='bbox 774 1986 987 2041; x_wconf 83' lang='lat' dir='ltr'>repebant</span> <span class='ocrx_word' id='word_1_165' title='bbox 1003 1987 1059 2029; x_wconf 84' lang='lat' dir='ltr'>ad</span> <span class='ocrx_word' id='word_1_166' title='bbox 1073 1988 1186 2030; x_wconf 87' lang='lat' dir='ltr'>vada</span> <span class='ocrx_word' id='word_1_167' title='bbox 1208 1989 1398 2043; x_wconf 81' lang='lat' dir='ltr'>lympbae</span> <span class='ocrx_word' id='word_1_168' title='bbox 1417 2022 1426 2036; x_wconf 87' lang='lat'>,</span> 
     </span>
     <span class='ocr_line' id='line_1_26' title="bbox 382 2056 1558 2109; baseline -0.001 -11"><span class='ocrx_word' id='word_1_169' title='bbox 382 2060 490 2109; x_wconf 82' lang='lat' dir='ltr'>Quae</span> <span class='ocrx_word' id='word_1_170' title='bbox 510 2058 658 2099; x_wconf 83' lang='lat' dir='ltr'>subter</span> <span class='ocrx_word' id='word_1_171' title='bbox 677 2056 867 2099; x_wconf 86' lang='lat' dir='ltr'>viridem</span> <span class='ocrx_word' id='word_1_172' title='bbox 886 2056 1142 2099; x_wconf 78' lang='lat' dir='ltr'>residebant</span> <span class='ocrx_word' id='word_1_173' title='bbox 1157 2057 1319 2099; x_wconf 83' lang='lat' dir='ltr'>caerula</span> <span class='ocrx_word' id='word_1_174' title='bbox 1341 2068 1558 2101; x_wconf 85' lang='lat' dir='ltr'>muscum.</span> 
     </span>
     <span class='ocr_line' id='line_1_27' title="bbox 384 2127 1461 2182; baseline -0.002 -14"><span class='ocrx_word' id='word_1_175' title='bbox 384 2131 485 2169; x_wconf 89' lang='lat' dir='ltr'>Jam</span> <span class='ocrx_word' id='word_1_176' title='bbox 504 2127 672 2170; x_wconf 84' lang='lat' dir='ltr'>medias</span> <span class='ocrx_word' id='word_1_177' title='bbox 691 2137 879 2181; x_wconf 83' lang='lat' dir='ltr'>operum</span> <span class='ocrx_word' id='word_1_178' title='bbox 898 2129 1045 2182; x_wconf 83' lang='lat' dir='ltr'>partes</span> <span class='ocrx_word' id='word_1_179' title='bbox 1065 2128 1243 2170; x_wconf 87' lang='lat' dir='ltr'>evectus</span> <span class='ocrx_word' id='word_1_180' title='bbox 1259 2131 1352 2170; x_wconf 84' lang='lat' dir='ltr'>erat</span> <span class='ocrx_word' id='word_1_181' title='bbox 1367 2129 1461 2175; x_wconf 80' lang='lat' dir='ltr'>Sol,</span> 
     </span>
     <span class='ocr_line' id='line_1_28' title="bbox 382 2197 1567 2252; baseline 0.001 -12"><span class='ocrx_word' id='word_1_182' title='bbox 382 2201 529 2249; x_wconf 83' lang='lat' dir='ltr'>Quum</span> <span class='ocrx_word' id='word_1_183' title='bbox 546 2198 700 2240; x_wconf 87' lang='lat' dir='ltr'>densas</span> <span class='ocrx_word' id='word_1_184' title='bbox 724 2201 873 2252; x_wconf 83' lang='lat' dir='ltr'>pastor</span> <span class='ocrx_word' id='word_1_185' title='bbox 891 2198 1083 2251; x_wconf 87' lang='lat' dir='ltr'>pecudes</span> <span class='ocrx_word' id='word_1_186' title='bbox 1101 2197 1288 2250; x_wconf 82' lang='lat' dir='ltr'>cogebat</span> <span class='ocrx_word' id='word_1_187' title='bbox 1306 2199 1349 2239; x_wconf 88' lang='lat' dir='ltr'>in</span> <span class='ocrx_word' id='word_1_188' title='bbox 1367 2200 1567 2246; x_wconf 76' lang='lat' dir='ltr'>umbras;</span> 
     </span>
     <span class='ocr_line' id='line_1_29' title="bbox 386 2268 1375 2323; baseline -0.002 -12"><span class='ocrx_word' id='word_1_189' title='bbox 386 2272 440 2311; x_wconf 89' lang='lat' dir='ltr'>Et</span> <span class='ocrx_word' id='word_1_190' title='bbox 459 2269 613 2323; x_wconf 86' lang='lat' dir='ltr'>procul</span> <span class='ocrx_word' id='word_1_191' title='bbox 638 2268 833 2321; x_wconf 84' lang='lat' dir='ltr'>adspexit</span> <span class='ocrx_word' id='word_1_192' title='bbox 852 2269 953 2311; x_wconf 86' lang='lat' dir='ltr'>luco</span> <span class='ocrx_word' id='word_1_193' title='bbox 973 2269 1162 2311; x_wconf 84' lang='lat' dir='ltr'>residere</span> <span class='ocrx_word' id='word_1_194' title='bbox 1183 2269 1346 2311; x_wconf 84' lang='lat' dir='ltr'>virenti</span> <span class='ocrx_word' id='word_1_195' title='bbox 1366 2302 1375 2318; x_wconf 89' lang='lat'>‚</span> 
     </span>
     <span class='ocr_line' id='line_1_30' title="bbox 386 2337 1417 2393; baseline 0.001 -14"><span class='ocrx_word' id='word_1_196' title='bbox 386 2340 505 2382; x_wconf 78' lang='lat' dir='ltr'>Delia</span> <span class='ocrx_word' id='word_1_197' title='bbox 523 2338 648 2387; x_wconf 81' lang='lat' dir='ltr'>diva,</span> <span class='ocrx_word' id='word_1_198' title='bbox 666 2343 742 2381; x_wconf 88' lang='lat' dir='ltr'>tuo</span> <span class='ocrx_word' id='word_1_199' title='bbox 762 2355 772 2379; x_wconf 86' lang='lat'>:</span> <span class='ocrx_word' id='word_1_200' title='bbox 791 2351 879 2393; x_wconf 88' lang='lat' dir='ltr'>quo</span> <span class='ocrx_word' id='word_1_201' title='bbox 895 2337 1119 2392; x_wconf 81' lang='lat' dir='ltr'>quondam</span> <span class='ocrx_word' id='word_1_202' title='bbox 1139 2340 1254 2382; x_wconf 82' lang='lat' dir='ltr'>victa</span> <span class='ocrx_word' id='word_1_203' title='bbox 1271 2341 1417 2382; x_wconf 79' lang='lat' dir='ltr'>furore</span> 
     </span>
     <span class='ocr_line' id='line_1_31' title="bbox 385 2407 1361 2463; baseline 0.006 -15"><span class='ocrx_word' id='word_1_204' title='bbox 385 2410 516 2451; x_wconf 71' lang='lat' dir='ltr'>Venit</span> <span class='ocrx_word' id='word_1_205' title='bbox 536 2409 781 2460; x_wconf 85' lang='lat' dir='ltr'>Nyctelium</span> <span class='ocrx_word' id='word_1_206' title='bbox 805 2407 976 2461; x_wconf 79' lang='lat' dir='ltr'>fugiens</span> <span class='ocrx_word' id='word_1_207' title='bbox 996 2408 1194 2453; x_wconf 82' lang='lat' dir='ltr'>Cadmeis</span> <span class='ocrx_word' id='word_1_208' title='bbox 1218 2413 1361 2463; x_wconf 76' lang='lat' dir='ltr'>Agave</span> 
     </span>
    </p>
   </div>
  </div>
 </body>
</html>
