1917 2942
365 357 441 396 1120
891 358 1146 397 AENEIDOS
1588 359 1659 398 160

365 443 531 483 Contra
550 451 630 493 ego
645 439 839 483 vivendo
856 443 941 483 vici
960 454 1057 485 mea
1073 441 1182 491 fata,
1202 446 1420 496 superstes

367 512 594 553 Restarem
614 513 664 553 ut
682 512 870 563 genitor.
890 515 1055 553 ‘rreum
1075 513 1193 554 socia
1213 524 1334 554 arma
1352 515 1549 554 secutum

366 580 615 622 obruerent
632 580 778 621 Rutuli
800 581 925 622 telis!
949 583 1139 622 animam
1160 583 1251 634 ipse
1268 581 1484 624 dedissem
1501 612 1510 629 ‚

368 654 512 702 Atque
532 651 625 693 baec
642 661 803 703 pompa
822 650 1002 692 domum
1019 663 1103 700 me,
1124 663 1216 693 non
1237 652 1441 699 Pallanta,
1458 649 1637 693 referret
1656 656 1662 691 ἵ

367 723 458 762 Nee
474 732 550 761 vos
573 721 792 772 arguerim
811 751 820 767 ,
841 722 1001 763 Teucri
1020 754 1028 767 ‚
1048 732 1132 763 nee
1152 721 1339 767 scedeia,
1362 733 1468 768 nee,
1487 732 1591 774 quas
1620 743 1623 746 ·

369 789 837 844 Ι111111111111151103111110,
859 790 1029 832 dextras
1051 808 1059 830 :
1082 802 1174 832 sors
1197 794 1273 833 ista
1296 794 1486 833 senectae

370 859 527 901 Debita
543 863 636 901 erat.
654 865 831 902 nostrae.
854 861 981 910 Quod
996 863 1029 902 si
1051 862 1283 903 immatura
1300 862 1502 904 manebat

369 932 483 970 Mors
497 931 676 975 natu1n3
695 931 815 972 caesis
831 930 1093 973 Volscorum
1109 932 1304 973 millibus
1324 937 1424 973 ante
1437 963 1450 981 ,

371 1000 612 1041 Ducentem
634 1000 678 1039 in
702 1000 874 1040 Latium
895 1003 1108 1045 Teucros,
1133 1000 1343 1042 cecidisse
1355 1000 1540 1051 juvabit.

369 1067 484 1116 Quin
506 1077 589 1119 ego
608 1078 699 1108 non
717 1066 805 1109 alio
825 1067 982 1120 digner
1002 1072 1042 1111 te
1063 1067 1240 1114 funere,
1265 1069 1383 1110 Palla
1398 1099 1408 1115 ,

370 1136 631 1189 Quampius
651 1140 808 1178 AEueas
825 1168 835 1187 ‚
856 1140 900 1179 et
919 1149 1048 1190 quarn
1064 1139 1211 1190 magni
1229 1138 1424 1190 Phryges
1443 1171 1451 1186 ‚
1474 1140 1518 1180 et
1539 1149 1670 1190 quam

372 1203 678 1256 Tyrrhenique
693 1203 848 1251 duces,
870 1203 1150 1255 Tyrrhenum
1170 1206 1387 1247 exercitus
1406 1206 1564 1247 omnis.

371 1276 527 1325 Magna
547 1276 711 1326 ti·opaea
731 1271 901 1319 ferunt,
929 1286 1039 1327 quos
1059 1274 1134 1316 dat
1153 1278 1224 1317 tua
1243 1275 1419 1316 dextera
1437 1277 1541 1317 leto.

371 1346 435 1384 ‘su
452 1354 627 1395 quoque
641 1354 762 1385 nune
778 1348 912 1386 stares
926 1344 1127 1386 immanis
1148 1348 1329 1388 truncus
1346 1345 1391 1385 in
1411 1346 1564 1391 armis,

372 1416 496 1455 Esset
511 1424 590 1465 par
605 1414 729 1461 aetas,
750 1416 792 1455 et
808 1414 926 1455 idem
946 1414 982 1455 si
1000 1414 1136 1456 robur
1152 1414 1204 1456 ab
1225 1414 1373 1463 annis,

372 1486 535 1524 Turne.
551 1481 637 1523 Sed
657 1481 806 1523 infelix
824 1486 1013 1524 Teucros
1032 1482 1138 1535 quid
1154 1482 1361 1524 demoror
1379 1482 1542 1524 armis?

372 1551 554 1598 Vadite,
576 1554 621 1593 et
633 1552 733 1593 liaee
751 1562 970 1594 memores
993 1552 1084 1604 regi
1103 1552 1310 1593 mandata
1328 1550 1515 1595 reterte:

373 1620 500 1671 Quod
519 1621 654 1663 vitam
675 1632 826 1664 moror
846 1623 1054 1671 invisam,
1075 1622 1272 1666 Pallante
1290 1627 1489 1676 peremto
1507 1656 1515 1670 ,

374 1693 559 1733 Dextera
579 1702 707 1733 causa
724 1694 799 1732 tua
813 1693 901 1738 est;
920 1695 1115 1733 Turnum
1136 1694 1358 1743 gnatoque
1373 1692 1573 1744 patrique

371 1763 512 1810 Quam
533 1760 693 1815 debere
709 1760 845 1803 vides.
866 1760 1029 1802 Meritis
1043 1765 1173 1802 vacat
1185 1761 1259 1803 hie
1275 1761 1354 1801 tibi
1374 1761 1491 1803 solus

374 1832 673 1883 Fortunaeque
690 1831 827 1872 loeus.
845 1833 879 1872 N
888 1842 946 1872 on
960 1833 1060 1873 vitae
1080 1831 1239 1883 gaudia
1257 1843 1409 1883 quaero
1426 1865 1434 1877 ,

373 1902 410 1940 N
414 1910 466 1942 ee
482 1898 568 1948 fas3
589 1898 666 1941 sed
680 1904 784 1941 nato
803 1902 949 1941 Manes
965 1899 1158 1953 perferre
1178 1900 1257 1942 sub
1278 1901 1403 1942 imos.
1426 1917 1441 1938 ο

425 1974 597 2011 Aurora
617 1970 784 2011 interea
802 1970 974 2011 miseris
995 1970 1256 2012 mortalibus
1283 1971 1443 2011 almam

373 2041 598 2083 Extulerat
623 2040 767 2082 lucem
787 2072 796 2087 ,
818 2038 1013 2082 reserens
1035 2051 1167 2093 opera
1188 2043 1319 2093 atque
1335 2041 1519 2085 labores

373 2113 469 2151 Jam
488 2112 613 2163 pater
632 2112 809 2156 AEneas‚
827 2111 919 2161 jam
939 2120 1078 2152 curvo
1096 2111 1142 2150 in
1162 2111 1291 2153 litore
1311 2113 1481 2154 'sarebo

372 2179 652 2222 Constituere
672 2190 817 2232 pyras.
836 2182 935 2222 Huc
954 2190 1138 2233 corpora
1159 2180 1342 2233 quisque
1362 2191 1540 2222 suorum
1581 2201 1584 2205 ·

376 2250 492 2292 Mole
511 2252 648 2294 tulere
662 2253 865 2304 patrum3
886 2250 1179 2305 subjectisque
1199 2251 1370 2304 ignibus
1390 2254 1495 2293 atris

375 2319 590 2360 conditur
608 2320 651 2360 iu
671 2320 874 2362 tenebras
891 2320 1031 2361 altum
1050 2321 1236 2371 caligine
1264 2319 1440 2361 coelum.

377 2392 462 2431 Ter
477 2389 645 2431 circum
665 2400 873 2433 accensos
889 2421 900 2440 ‚
918 2390 1053 2432 cincti
1075 2389 1343 2442 fulgentibus
1363 2390 1493 2431 armis
1510 2427 1518 2432 ..

379 2461 623 2501 Decurrere
645 2469 800 2511 rogos:
824 2464 892 2502 ter
909 2462 1109 2503 maestum
1127 2459 1292 2504 funeris
1311 2460 1455 2514 ignem
