1917 2942
387 341 463 378 55¹0
915 340 1174 381 AENEIDOS
1621 342 1691 380 ¹34

386 427 644 473 Dardanus,
668 426 811 468 Iliacae
831 425 999 480 primus
1015 430 1137 479 pater
1157 426 1277 468 urbis
1294 429 1338 468 et.
1355 429 1521 473 auctor,

385 496 558 537 Elvctra
577 526 586 541 .
602 499 653 536 ut
672 496 793 537 Graii
810 494 1045 548 perhibent
1063 527 1072 543 ,
1093 495 1318 538 Atlantide
1337 498 1507 542 cretus,

387 564 635 607 Advehitur
653 568 872 608 Teucros:
893 567 1110 608 Electram
1130 565 1344 608 maximus
1364 566 1487 607 Atlas

388 634 560 683 Edidit,
580 634 784 677 aetherios
800 636 987 678 humero
1007 635 1080 689 qui
1098 637 1282 679 sustinet
1301 637 1444 679 orbes.

388 702 522 744 Vobis
546 705 790 745 Mercurius
805 708 934 757 pater
948 710 1014 746 est
1028 735 1038 755 ‚
1057 716 1189 757 quem
1208 705 1396 748 candida
1414 707 1524 747 Maia

389 772 583 824 Cyllenae
602 772 748 824 gelido
768 778 1035 826 conceptum
1052 775 1217 817 vertice
1236 774 1372 823 fudit3

390 844 448 882 At
468 843 629 884 Maiam
644 874 654 892 ,
673 843 833 885 auditis
851 844 887 885 si
903 844 1142 897 quidquam
1164 843 1387 887 credimus
1402 876 1412 894 ,
1430 844 1547 886 Atlas
1564 875 1574 891 ,

386 912 510 954 ldem
529 912 646 954 Atlas
662 915 866 965 generat,
882 914 983 954 coeii
1003 914 1075 965 qui
1095 914 1235 956 sidera
1255 913 1380 955 tollit.

387 982 459 1022 Sic
478 992 616 1033 genus
636 981 867 1023 amborum
884 981 1046 1023 scindit
1061 993 1107 1023 se
1127 983 1341 1034 sanguine
1360 981 1413 1023 ab
1429 993 1538 1024 uno.

391 1050 468 1092 His
487 1049 624 1092 fretus
639 1082 650 1097 .
673 1062 763 1093 non
788 1050 951 1103 legatos
971 1083 980 1098 ‚
999 1061 1143 1104 neque
1162 1052 1305 1105 prima
1324 1063 1402 1105 per
1428 1054 1567 1094 artem

390 1123 681 1164 Tentamenta
701 1123 766 1163 tui
786 1122 934 1175 pepigi
953 1137 965 1160 ι
990 1132 1061 1163 me
1080 1153 1089 1168 ‚
1107 1132 1179 1162 me
1197 1121 1312 1176 ipse,
1333 1130 1571 1175 meumque

391 1191 541 1243 Objeci
560 1194 721 1244 capnt,
741 1196 784 1234 et
802 1191 985 1246 supplex
1005 1190 1061 1232 ad
1077 1191 1231 1232 limina
1248 1192 1366 1233 veni.

391 1262 511 1302 Gens
531 1260 708 1308 eadem,
727 1271 825 1314 quae
844 1263 885 1302 te
900 1290 910 1309 ,
925 1258 1094 1302 crudeli
1111 1259 1281 1300 Daunia
1301 1258 1417 1301 bello

392 1329 670 1382 Insequitnr3
691 1340 772 1370 nos
793 1329 827 1369 si
847 1327 1042 1382 pellant,
1062 1327 1172 1369 nihil
1193 1327 1343 1370 abfore
1364 1327 1577 1374 credunt,

396 1397 511 1446 Quin
528 1408 707 1438 omnem
729 1397 988 1451 Hesperiam
1006 1398 1181 1451 penitus
1197 1409 1274 1438 sna
1288 1397 1492 1450 subjuga
1511 1398 1704 1445 m³ttant‚

398 1469 452 1506 Et
473 1478 594 1510 mare
621 1467 739 1520 quod
761 1479 891 1521 supra
915 1468 1121 1514 teneant,
1140 1468 1346 1521 quodque
1366 1466 1505 1509 adluit
1522 1465 1651 1509 infra.

393 1534 561 1589 Adcipe
593 1537 736 1589 daque
755 1535 903 1578 fidem.
925 1538 1040 1577 Sunt
1058 1535 1184 1577 nobis
1206 1535 1333 1577 fortia
1349 1535 1464 1577 bello

394 1608 607 1653 Pectora,
627 1608 731 1648 sunt
752 1606 911 1652 animi,
936 1608 982 1648 et
1003 1605 1130 1647 rebus
1149 1608 1346 1659 spectata
1361 1607 1586 1657 juventus.
1608 1622 1625 1644 »

450 1676 629 1717 Dixerat
650 1675 921 1717 AEneas.1lle
941 1686 989 1717 os
1016 1676 1257 1728 oculosque
1279 1675 1503 1727 loquentis

394 1747 418 1784 J
425 1756 495 1786 am
514 1745 708 1793 dudum,
726 1752 768 1788 et
787 1747 931 1787 totum
949 1745 1166 1787 lustrabat
1184 1744 1354 1787 lumine
1371 1756 1550 1799 corpus.

396 1817 509 1856 Tum
525 1815 587 1858 sic
605 1826 747 1869 panca
765 1814 900 1858 refert
918 1830 927 1855 ε
950 1831 965 1850 α
987 1816 1044 1855 Ut
1065 1819 1105 1857 te
1121 1846 1131 1866 ‚
1152 1813 1384 1857 fortissime
1403 1813 1621 1857 Tencrsim
1641 1846 1652 1862 ,

399 1885 588 1938 Adcipio
608 1896 890 1939 agnoscoque
911 1884 1051 1927 libens
1065 1886 1075 1923 l
1091 1889 1141 1926 ut
1157 1886 1295 1927 verba
1312 1885 1506 1937 parentis
1523 1915 1532 1932 ‚

396 1956 451 1994 Et
465 1965 622 1997 vocem
644 1954 846 1999 Anchisae
866 1955 1015 2007 magni
1034 1955 1295 2007 vultumque
1310 1954 1545 1997 recordor!

397 2025 509 2064 Nam
524 2024 707 2080 memini
727 2024 931 2066 Hesionae
949 2023 1166 2066 visentem
1183 2035 1317 2077 regna
1334 2024 1497 2065 sororis

400 2092 807 2136 Laomedontiaden
830 2093 1077 2139 Priamum,
1096 2093 1312 2135 Salamina
1331 2093 1554 2148 petentem
1567 2123 1577 2139 ‚

400 2166 618 2205 Protenus
637 2164 836 2206 Arcadiae
857 2162 1026 2216 gelidos
1045 2163 1233 2206 invisere
1257 2161 1379 2206 fines.

400 2237 513 2274 Tum
532 2233 639 2275 mihi
657 2234 800 2287 prima
819 2245 954 2286 genas
969 2233 1153 2277 vestibat
1170 2230 1278 2276 flore
1291 2234 1493 2284 j11ve11ta;

401 2303 677 2359 mirabarque
696 2303 830 2347 duces
845 2308 1062 2350 Teucros,
1086 2304 1275 2346 mirabar
1295 2307 1338 2345 et
1358 2303 1500 2357 ipsum

402 2374 837 2419 Laomedontiaden:
858 2376 936 2419 sed
953 2377 1126 2420 cunctis
1147 2378 1276 2419 altior
1295 2376 1384 2418 ibat

403 2445 628 2489 Anchises.
649 2446 753 2488 Mihi
774 2458 899 2491 mens
913 2447 1112 2499 juvenali
1132 2446 1316 2490 ardebat
1333 2455 1485 2488 amore
