1917 2942
308 325 384 363 502
807 324 1069 362 AENEmos

301 414 473 464 Aggere
493 411 739 464 composito
755 410 926 457 tumuli.
951 413 1190 463 postquam
1212 409 1296 451 alta
1316 411 1524 462 quierunt

305 483 507 533 AEquora.
528 479 673 522 tendit
692 481 777 522 iter
796 480 921 527 velis,
940 482 1209 533 portumque
1226 479 1453 532 relinquit.

308 551 548 603 Adspirant
567 560 681 591 aurae
700 549 745 589 in
761 553 954 595 noctem,
977 559 1060 590 nec
1077 548 1265 591 candida
1289 560 1438 591 cursus

304 621 426 660 Luna
443 623 602 671 negat;
623 619 825 673 splendet
846 619 1032 660 tremulo
1047 618 1125 660 sub
1146 618 1314 661 lumine
1335 623 1511 673 pontus.

305 688 514 730 Proxima
534 689 709 730 Circaeae
730 687 948 731 raduntur
965 690 1095 731 litora
1113 692 1243 732 terrae
1262 722 1271 737 ‚

303 758 431 798 Dives
449 758 695 799 inaccessos
709 757 787 798 ubi
806 758 917 797 Solis
937 755 1025 798 filia
1047 758 1167 798 lucos

301 825 500 868 Adsiduo
518 830 697 868 resonat
715 828 862 870 cantu.
885 828 1100 879 tectisque
1116 827 1314 881 superbis

303 896 400 937 Urit
418 895 648 937 odoratam
669 899 891 937 nocturna
910 896 1139 938 inlumina
1157 895 1349 942 cedrum,

302 967 472 1017 Arguto
492 968 649 1006 tenues
669 974 935 1019 percurrens
954 964 1131 1018 pectine
1147 964 1269 1008 telas.

301 1035 418 1075 Hinc
436 1033 630 1077 exaudiri
656 1035 844 1087 gemitus
859 1034 1024 1087 iraeque
1047 1035 1227 1076 leonum

302 1103 457 1144 vincla
474 1107 771 1154 recusantum,
793 1106 837 1144 et
851 1113 948 1145 sera
968 1102 1049 1144 sub
1069 1106 1202 1146 nocte
1222 1101 1486 1149 rudentun1;

303 1171 588 1225 Saetigerique
607 1182 719 1218 sues,
738 1175 868 1225 atque
883 1172 930 1212 in
949 1171 1215 1225 praesepibus
1233 1171 1326 1213 ursi

300 1242 477 1294 Saevire,
499 1253 550 1283 ac
572 1241 724 1283 formae
743 1253 1009 1294 magnorum
1023 1240 1193 1282 ululare
1216 1241 1429 1295 luporum
1448 1256 1457 1288 ;

302 1314 421 1361 Quos
441 1311 671 1353 bominum
691 1322 741 1352 ex
761 1310 868 1354 facie
886 1310 968 1353 dea
985 1321 1099 1352 saeva
1113 1311 1366 1365 potentibus
1384 1311 1531 1352 herbis

305 1381 518 1423 Induerat
535 1382 661 1423 Circe
679 1382 726 1421 in
743 1382 894 1423 vultus
915 1392 965 1424 ac
978 1385 1105 1433 terga
1117 1379 1328 1422 terarum.

305 1454 413 1502 Quae
431 1462 488 1495 ne
504 1455 704 1494 monstra
722 1452 781 1505 pii
802 1455 1060 1505 paterentur
1078 1451 1175 1492 talia
1196 1450 1331 1492 Troe's

304 1522 445 1563 Delati
462 1523 508 1562 in
526 1525 696 1575 portus,
718 1533 805 1564 neu
823 1523 953 1563 litora
967 1521 1063 1562 dira
1077 1518 1299 1568 subirent3

299 1593 533 1645 Neptunus
548 1592 690 1634 ventis
708 1592 910 1646 implevit
923 1592 1024 1634 vela
1045 1591 1265 1638 secundis,

303 1661 446 1712 Atque
462 1657 609 1712 fugam
624 1659 758 1704 dedit,
778 1662 821 1700 et
836 1662 995 1713 praeter
1016 1658 1129 1700 vada
1147 1657 1311 1700 fervida
1330 1657 1465 1700 vexit.

356 1733 544 1783 Jamque
563 1729 824 1771 rubescebat
841 1728 975 1770 radiis
996 1739 1133 1777 mare,
1155 1732 1201 1770 et
1216 1728 1381 1770 aethere
1398 1727 1450 1770 ab
1470 1728 1562 1769 alto·
1575 1751 1586 1755 ,

305 1806 475 1841 Aurora
493 1800 542 1840 in
559 1802 699 1842 roseis
719 1799 916 1853 fulgebat
928 1800 1046 1842 lutea
1060 1800 1196 1851 bigis:
1258 1788 1264 1793 ’

303 1877 451 1922 Quum
471 1870 590 1912 venti
610 1880 812 1923 posuere.
835 1870 1068 1923 omnisque
1088 1870 1271 1923 repente
1291 1866 1458 1910 resedit

303 1939 464 1986 matus,
483 1941 528 1981 et
547 1939 590 1979 in
611 1938 734 1981 lento
751 1937 974 1980 luctantur
990 1948 1210 1980 marmore
1227 1941 1378 1979 tonsae.

302 2010 447 2062 Atque
464 2007 539 2050 hic
555 2010 712 2051 AEneas
730 2007 957 2060 ingentem
972 2019 1023 2050 ex
1043 2018 1218 2062 aequore
1237 2009 1385 2049 lucum

300 2078 535 2132 Prospicit.
557 2079 684 2120 Hunc
702 2078 818 2120 inter
838 2076 972 2119 fluvio
992 2077 1222 2119 Tiberinus
1247 2087 1438 2123 amoeno.

300 2148 549 2190 Vorticibus
568 2146 746 2200 rapidis,
770 2148 815 2189 et
832 2147 969 2189 multa
986 2144 1122 2189 ssavus
1139 2158 1295 2196 arena,

298 2216 352 2254 ln
372 2226 491 2257 mare
510 2213 775 2269 prorumpit.
793 2215 931 2255 Variae
948 2215 1208 2267 circumque
1230 2224 1454 2269 supraque

302 2283 424 2325 ,adm
454 2287 507 2326 tae
525 2284 634 2338 ripis
657 2284 857 2325 volucres
878 2287 925 2328 et
946 2283 1137 2326 fluminis
1157 2285 1282 2327 alveo

308 2356 483 2399 AEthera
502 2355 755 2399 mulcebant
771 2358 918 2401 cantu,
942 2356 1129 2410 lucoque
1147 2356 1376 2399 volabant.

309 2427 506 2471 Flectere
524 2424 984 2479 it·›1·soeiiste1·raeque
1006 2427 1232 2470 advertere
1255 2437 1407 2481 proras
