1917 2942
336 298 385 338 88
798 289 800 291 ’
828 299 1162 341 GEORGICON
1568 306 1645 344 :378
1689 303 1692 304 ’

331 385 560 434 Quantum
577 383 640 426 illi
657 393 853 428 nocuere
873 397 1029 440 greges
1042 418 1052 433 ,
1075 386 1262 442 durique
1280 399 1502 432 venenum

337 454 489 495 Dentis
508 486 517 505 ‚
533 456 576 496 et
597 453 802 496 admorso
818 455 991 507 signata
1008 456 1056 496 in
1073 456 1209 509 stirpe
1228 457 1427 500 cicatrix.

334 524 432 565 Non
454 523 582 564 aliam
599 525 656 565 ob
682 523 858 577 culpam
873 524 1049 568 Baccho
1069 536 1202 579 caper
1219 529 1427 570 omnibus
1446 528 1533 570 aris

334 591 543 640 Caeditur‚
564 593 608 635 et
624 596 796 636 veteres
814 593 973 636 ineunt
992 595 1225 648 proscenia
1241 595 1334 637 ludi
1351 627 1359 643 ,

335 662 608 714 Praemiaque
623 662 810 714 ingeniis
830 673 967 717 pagos
980 665 1024 705 et
1043 665 1236 717 compita
1257 665 1426 705 circum

333 729 530 772 Thesidae
544 740 757 783 posuere,
781 733 911 784 atque
931 731 1052 774 inter
1070 734 1231 787 pocula
1247 733 1336 774 laeti

334 798 536 840 Mollibus
551 798 598 839 in
620 800 756 852 pratis
773 801 932 842 unctos
951 802 1122 844 saluere
1142 813 1220 855 per
1239 805 1375 845 utres.

335 870 423 909 Nec
439 879 531 910 non
549 868 761 917 Ausonii,
780 871 911 921 Troj3
926 880 1040 923 gens
1058 871 1217 919 missa,
1240 871 1391 913 coloni

336 938 540 980 Versibus
554 937 762 979 incomtis
783 937 967 985 ludunt,
998 940 1177 992 risuque
1193 939 1363 988 soluto:

338 1008 517 1059 Oraque
533 1006 775 1049 corticibus
793 1010 977 1050 sumunt
992 1007 1215 1050 horrenda
1231 1009 1392 1050 cavatis
1406 1024 1418 1056 ς

335 1076 393 1113 Et
411 1076 453 1116 te
471 1106 479 1122 ,
497 1074 667 1118 Bacche
683 1107 691 1123 ,
708 1076 875 1118 vocant
890 1088 970 1129 per
989 1078 1190 1119 carmina
1204 1078 1335 1125 laeta3
1364 1077 1532 1131 tibique

336 1143 499 1186 oscilla
514 1155 565 1187 ex
580 1145 666 1186 alta
683 1144 961 1198 suspendunt
979 1147 1127 1187 mollia
1145 1148 1270 1200 pinu.

339 1215 456 1256 Hinc
474 1213 616 1256 omnis
632 1214 755 1267 largo
775 1214 976 1267 pubescit
992 1216 1124 1259 vinea
1142 1215 1232 1258 fetu
1250 1232 1260 1257 ι

339 1285 631 1336 complentur
649 1285 872 1337 vallesque
892 1296 1011 1328 cavae
1033 1286 1258 1340 saltusque
1275 1285 1509 1342 profundi,

336 1355 393 1395 Et
408 1365 675 1408 quocunque
693 1354 799 1397 deus
816 1356 986 1398 circum
1001 1357 1134 1408 caput
1152 1356 1242 1408 egit
1259 1355 1512 1399 honestum.

338 1427 455 1476 Ergo
474 1424 557 1466 rite
575 1435 703 1466 suum
717 1426 892 1468 Baccho
911 1425 1108 1468 dicemus
1123 1425 1341 1468 honorem

339 1493 618 1534 Carminibus
635 1494 788 1546 patriis
806 1525 815 1540 ‚
835 1494 1073 1548 lancesque
1094 1499 1139 1536 et
1159 1494 1249 1536 liba
1269 1493 1480 1539 feremus³

342 1564 396 1604 Et
416 1562 574 1605 ductus
590 1574 731 1605 cornu
749 1563 883 1604 stabit
897 1575 1020 1606 sacer
1033 1563 1182 1606 hircus
1201 1563 1255 1605 ad
1273 1574 1417 1609 aram,

342 1633 618 1686 Pinguiaque
634 1633 682 1674 in
697 1633 874 1675 veribus
895 1634 1158 1676 torrebimus
1179 1636 1276 1676 exta
1291 1632 1499 1676 colurnis.

394 1705 472 1744 Est
490 1701 622 1744 etiam
639 1702 712 1744 ille
730 1703 856 1744 labor
874 1702 1081 1745 curandis
1095 1703 1255 1744 vitibus
1274 1703 1397 1750 alter,
1562 1698 1574 1756 [
1592 1702 1659 1744 nis

341 1772 419 1814 Cui
433 1783 664 1824 nunquam
684 1773 876 1822 exhausti
895 1774 998 1815 satis
1013 1774 1081 1814 est
1095 1789 1104 1813 ι
1118 1783 1309 1825 namque
1324 1783 1457 1814 omne
1476 1777 1660 1825 quotan-

340 1846 508 1895 Terque
524 1845 768 1895 quaterque
787 1843 934 1885 solum
953 1842 1263 1888 scindendum,
1295 1842 1508 1896 glebaque
1526 1843 1661 1885 versis

341 1914 571 1955 AEternum
587 1910 834 1966 frangenda
848 1914 1105 1956 bidentibus
1123 1930 1132 1961 ;
1157 1924 1289 1955 omne
1306 1912 1544 1954 levandum

342 1983 518 2025 Fronde
533 1993 714 2024 nemus:
732 1983 848 2024 redit
869 1982 1075 2035 agricolis
1089 1983 1217 2024 labor
1235 1983 1358 2023 actus
1376 1982 1422 2023 in
1442 1981 1594 2024 orbem
1612 2012 1621 2028 ‚

343 2054 488 2105 Atque
504 2052 548 2093 in
577 2063 622 2094 se
636 2063 714 2095 sua
732 2063 812 2106 per
825 2053 1009 2105 vestigia
1027 2052 1222 2095 volvitur
1243 2062 1400 2093 annus.

343 2124 409 2164 Ac
424 2125 516 2174 jam
533 2122 638 2163 olim
658 2133 773 2164 seras
787 2123 939 2176 posuit
957 2134 1097 2175 quum
1118 2123 1250 2165 vinea
1266 2121 1444 2165 frondes
1457 2153 1467 2170 ‚

345 2190 550 2244 Frigidus
566 2194 611 2233 et
627 2190 747 2233 silvis
767 2191 930 2245 Aquilo
947 2190 1142 2233 decussit
1154 2190 1397 2237 honorem3

343 2264 443 2303 Jam
463 2263 556 2302 tum
577 2271 677 2303 acer
696 2273 823 2304 curas
843 2260 1099 2304 venientem
1118 2260 1315 2304 extendit
1332 2261 1378 2301 in
1392 2270 1558 2302 annum

348 2331 582 2379 RusticuS,
606 2332 652 2373 et
670 2341 809 2374 curvo
830 2331 1003 2372 Saturni
1026 2331 1159 2373 dente
1176 2330 1377 2373 relictam

346 2402 631 2453 Persequitur
651 2402 783 2444 vitem
803 2401 1075 2449 adtondens,
1102 2400 1316 2455 fingitque
1337 2400 1550 2455 putando.
