1917 2942
325 361 399 399 194
852 360 1112 401 AENEIDOS
1566 361 1636 398 ¹05

321 450 443 488 Mons
466 445 607 487 Idaeus
620 446 694 488 ubi
710 479 718 495 ‚
737 448 781 488 et
799 446 943 498 gentis
962 446 1184 489 cunabula
1196 449 1372 489 nostrae.

321 520 509 558 Centum
526 516 657 559 urbes
672 517 874 557 habitant
893 527 1098 569 magnas,
1131 516 1354 558 uberrima
1376 527 1511 570 regna
1532 535 1540 556 ε

322 588 533 628 Maximus
550 586 671 629 unde
686 587 828 639 pater,
851 586 887 626 si
903 586 987 627 rite
1005 586 1154 628 audita
1171 587 1398 633 recordor,

322 659 520 698 Teucrus
538 656 747 698 Rbccteas
766 656 964 709 primum
985 657 1049 697 est
1068 656 1278 697 advectus
1295 655 1348 696 ad
1370 666 1489 698 oras.

322 726 592 779 Optavitque
611 726 760 767 locum
776 735 931 776 regno.
951 724 1161 766 Nondum
1181 724 1311 766 Ilium
1331 730 1373 767 et
1395 736 1516 768 arces

324 798 576 848 Pergameae
596 795 836 841 steterant;
860 793 1121 835 habitabant
1139 793 1326 835 vallibus
1344 795 1457 835 imis.

323 866 440 908 Hinc
458 869 601 907 mater
621 864 780 918 cultrix
799 863 998 914 Cybelae,
1026 862 1386 916 Corybantiaque
1403 874 1511 910 aera.

322 935 581 987 Idaeumque
598 945 757 975 nemus
774 950 785 981 ς
806 931 912 974 hinc
939 932 1025 974 fida
1044 933 1219 975 silentia
1235 933 1389 980 sacris,

325 1008 380 1046 Et
388 1005 534 1056 juncti
548 1015 727 1046 currum
751 1003 941 1045 dominae
957 1003 1132 1044 subiere
1150 1002 1315 1045 leones.

327 1078 440 1127 Ergo
458 1073 597 1126 agite,
621 1075 688 1121 et,
711 1072 865 1115 divum
886 1071 1057 1114 ducunt
1071 1083 1157 1126 qua
1166 1073 1286 1123 jnssa
1300 1102 1310 1118 ,
1341 1082 1577 1125 sequamur
1595 1090 1602 1111 :

328 1145 559 1185 Placemus
580 1147 736 1185 ventos
758 1174 767 1190 ,
791 1146 834 1183 et
854 1142 1019 1184 Gnosia
1034 1152 1169 1194 regna
1187 1144 1405 1195 petamus.

328 1214 364 1253 N
371 1224 422 1255 ec
440 1212 575 1264 longo
593 1211 758 1253 distant
777 1222 909 1252 cursu
933 1227 943 1251 ι
965 1210 1098 1252 modo
1115 1209 1322 1264 Juppiter
1342 1209 1455 1251 adsit
1474 1242 1482 1254 .

327 1284 479 1325 Tertia
497 1283 572 1324 lux
588 1284 769 1325 classem
789 1282 969 1324 Cretaeis
988 1282 1110 1323 sistet
1130 1281 1177 1321 in
1198 1281 1326 1323 oris.»

380 1353 452 1394 Sic
472 1349 607 1399 fatus,
626 1351 807 1392 meritos
822 1351 909 1391 aris
929 1350 1139 1391 mactavit
1156 1348 1350 1392 honores
1369 1381 1378 1397 ‚

328 1423 523 1462 Taurum
539 1421 749 1475 Neptuno
768 1453 776 1469 ,
796 1420 976 1460 taurum
996 1419 1074 1460 tibi
1089 1450 1098 1466 ‚
1115 1419 1300 1473 pulcher
1320 1420 1478 1473 Apollo
1496 1434 1506 1467 ;

330 1490 516 1543 Nigr-am
536 1491 684 1532 Hiemi
703 1489 920 1544 pecudem
938 1520 947 1535 ,
970 1489 1182 1543 Zephyris
1205 1489 1400 1532 felicibus
1419 1490 1580 1533 albam.

382 1564 519 1603 Fama
536 1561 680 1613 volat,
702 1562 882 1615 pulsum
902 1560 1052 1612 regnis
1072 1560 1253 1602 cessisse
1268 1562 1463 1613 paternis

329 1630 573 1673 Idomenea
595 1631 778 1679 ducem,
805 1630 1068 1683 desertaque
1081 1630 1214 1671 litora
1232 1632 1398 1678 Cretam

329 1704 468 1757 HQSOE
490 1711 649 1743 vacare
669 1701 851 1746 domos.
873 1699 1088 1753 sedesque
1109 1698 1281 1742 adstare
1298 1700 1488 1742 relictas.

332 1769 589 1824 Linquimus
607 1771 802 1823 Ortygiae
824 1771 1000 1823 portus,
1023 1769 1269 1822 pelagoque
1287 1769 1488 1811 volamus
1504 1802 1513 1817 ,

331 1838 684 1893 Bacchatamque
695 1841 813 1893 jugis
833 1842 1010 1886 Naxon,
1032 1837 1312 1891 viridemque
1328 1842 1576 1893 Donysam.

332 1911 522 1952 Olearon
538 1939 549 1957 ,
571 1910 836 1963 niveamque
856 1912 1004 1952 Paron
1018 1942 1028 1959 ,
1052 1920 1310 1964 sparsasque
1324 1920 1403 1963 per
1423 1921 1573 1963 aequor

332 1979 543 2032 Cycladas
556 2010 566 2030 ‚
585 1982 629 2022 et
648 1979 816 2022 crebris
832 1981 1019 2032 legimus
1037 1978 1151 2021 freta
1165 1980 1341 2021 concita
1364 1981 1508 2022 terris.

333 2050 546 2091 Nauticus
567 2050 761 2091 exoritur
776 2050 899 2091 vario
920 2049 1163 2092 certamine
1183 2048 1371 2097 clamor;

335 2122 583 2161 Hor-tantur
600 2120 732 2167 socii,
754 2124 928 2162 Cretam
946 2129 1223 2172 proavosque
1239 2122 1460 2171 petamus.

335 2191 625 2243 Prosequitur
639 2201 824 2243 surgens
841 2201 864 2230 a
887 2192 1027 2244 puppi
1042 2190 1203 2232 ventus
1223 2194 1399 2235 euntes,

335 2265 389 2303 Et
409 2259 591 2304 tandem
610 2261 800 2315 antiquis
818 2263 1033 2302 Curetum
1050 2258 1299 2302 adlabimur
1317 2259 1423 2300 oris.

338 2334 452 2384 Ergo
473 2329 627 2373 avidus
645 2341 797 2371 muros
817 2331 979 2383 optatae
995 2329 1157 2370 molior
1172 2326 1295 2367 urbis
1308 2357 1318 2373 ‚

338 2403 719 2453 Pergameamque
737 2408 853 2441 voco
872 2429 881 2446 ‚
903 2400 948 2440 et
968 2397 1114 2439 laetam
1136 2395 1406 2446 cognomine
1422 2395 1599 2447 gentem

338 2472 505 2511 Hortor
521 2480 668 2511 amare
689 2467 829 2514 focos,
854 2478 1090 2520 arcemque
1111 2463 1326 2508 adtollere
1343 2464 1481 2527 tectis.
