1917 2942
347 322 424 360 506
863 322 1146 363 AENEfflOs·

350 407 542 449 Membra
562 407 647 450 deo
667 409 810 450 victus
831 420 840 448 z
866 407 990 454 felix.
1012 408 1046 450 si
1063 412 1275 464 protenus
1295 409 1417 451 illum

353 480 577 531 AEquasset
593 478 712 520 nocti
732 477 910 524 ludum,
931 479 976 518 in
992 478 1222 533 lucemque
1239 480 1426 521 tulisset!

350 550 565 601 Impastus
583 559 665 589 ceu
682 548 812 602 plena
829 548 899 589 leo
919 559 999 602 per
1016 549 1144 590 ovilia
1159 538 1345 591 'turbans

351 618 531 661 (Suadet
548 620 669 661 enim
688 630 847 661 vesana
863 617 1036 668 fames),
1054 619 1311 673 manditque
1329 619 1553 673 trahitque

351 689 481 730 Molle
498 700 633 743 pecus
652 719 661 733 .
678 692 939 742 mutumque
953 691 1098 738 metu;
1117 689 1265 731 fremit
1284 700 1359 733 ore
1376 693 1575 732 cruento.

353 762 389 801 N
396 771 446 803 ec
464 761 613 802 minor
633 760 808 812 Euryali
826 759 966 802 caedes
989 776 998 800 ε
1018 760 1222 803 incensus
1242 763 1285 802 et
1304 761 1397 813 ipse

356 827 547 871 r’erlurit
566 861 575 878 ,
596 841 645 871 ac
664 830 849 871 multam
869 830 917 870 in
934 829 1083 872 medio
1100 830 1193 871 sine
1210 829 1391 871 nomine
1409 828 1602 883 plebem.

354 897 628 948 Fadumque,
645 898 978 950 Herbesumque
991 897 1120 941 subit.
1140 896 1446 948 Rhoetumque‚
1462 894 1658 936 Abarim-

354 970 552 1018 Ignaros;
568 966 775 1009 Rhoetum
789 979 802 1003 x
814 966 1038 1016 igilantem
1051 969 1260 1007 etcuncta
1270 964 1512 1008 videntem:
1543 965 1658 1016 [que.

353 1037 438 1077 Sed
462 1047 671 1089 magnum
687 1042 887 1079 metuens
903 1047 950 1077 se
970 1037 1070 1089 post
1088 1037 1256 1077 cratera
1277 1033 1479 1087 tegebat:

359 1108 543 1159 Pectore
561 1107 607 1147 in
628 1105 814 1148 adverso
834 1108 980 1146 totum
999 1105 1067 1147 cui
1089 1102 1337 1146 comminus
1356 1113 1507 1145 ensem

358 1175 568 1217 Condidit
582 1176 833 1230 adsurgenti
854 1206 862 1222 ‚
885 1179 929 1217 et
948 1176 1087 1216 multa
1102 1177 1244 1216 morte
1261 1173 1444 1225 recepit.

359 1250 635 1300 Purpuream
649 1248 790 1289 vomit
803 1246 879 1287 ille
893 1246 1088 1288 animam
1101 1262 1111 1295 ;
1130 1250 1289 1288 etcum
1306 1243 1521 1295 sanguine
1536 1242 1666 1283 mixta

360 1317 467 1358 Vina
482 1315 617 1360 refert
635 1318 841 1359 moriens.
862 1317 944 1358 Hic
965 1314 1082 1357 furto
1100 1314 1289 1357 fervidus
1308 1314 1456 1354 instat.

415 1391 601 1441 Jamque
619 1387 670 1430 ad
688 1387 872 1442 Messapi
886 1389 1028 1430 socios
1045 1385 1276 1431 tendebat,
1301 1383 1373 1425 ubi
1392 1384 1540 1436 ignem

365 1453 560 1498 Deficere
579 1461 824 1499 extremum
842 1483 853 1504 ,
874 1458 919 1498 et
937 1456 1144 1507 religatos
1161 1455 1244 1495 rite
1263 1452 1438 1494 videbat

362 1530 556 1581 Carpere
571 1538 752 1579 gramen
769 1536 930 1579 equos;
951 1525 1148 1567 breviter
1162 1534 1299 1575 quum
1314 1521 1419 1563 talia
1444 1521 1567 1562 Nisus

363 1595 526 1643 (Sensit
540 1596 658 1637 enim
672 1596 808 1636 nimia
827 1592 946 1636 caede
967 1595 1096 1645 atque
1116 1590 1324 1643 cupidine
1344 1588 1481 1638 ferri),

370 1680 388 1704 a
413 1664 705 1712 Absistemus,
725 1665 785 1705 ait
805 1677 815 1701 z
837 1674 940 1705 nam
961 1663 1037 1703 lux
1051 1662 1231 1702 inimica
1249 1659 1532 1713 propinquat.

366 1738 608 1777 Poenarum
629 1734 886 1777 exhaustum
905 1733 1008 1776 satis
1028 1735 1118 1775 est:
1150 1732 1224 1774 via
1243 1728 1357 1773 facta
1374 1740 1454 1783 per
1468 1729 1633 1770 hostes‘
1655 1744 1670 1763 υ

369 1808 504 1848 Multa
525 1806 668 1847 virum
688 1804 826 1848 solido
846 1806 1030 1857 argento
1050 1800 1243 1857 perfecta
1262 1801 1518 1852 relinquunt

369 1883 614 1928 Armaque,
632 1878 909 1928 craterasque
926 1873 1054 1915 simul
1070 1905 1079 1918 .
1099 1871 1393 1927 pulchrosque
1413 1871 1596 1922 tapetas.

369 1947 586 1998 Euryalus
605 1946 803 2000 phaleras
820 1945 1078 1988 Rhamnetis
1098 1976 1106 1991 ,
1130 1946 1174 1984 et
1189 1951 1319 1983 aurea
1333 1938 1467 1981 bullis

370 2015 556 2067 Cingula
574 2045 583 2059 .
607 2015 775 2057 Tiburti
796 2013 986 2056 Remulo
1002 2011 1239 2054 ditissimus
1259 2008 1363 2051 olim

373 2089 478 2137 Quae
498 2084 634 2127 mittit
648 2084 765 2126 dona
781 2114 792 2136 ,
808 2082 1005 2137 hospitio
1021 2093 1156 2136 quum
1172 2081 1377 2132 jungeret
1390 2076 1542 2118 absens
1561 2105 1569 2118 .

374 2156 594 2204 caedicus3
615 2155 689 2197 ille
708 2166 789 2196 suo
805 2155 999 2195 moriens
1017 2152 1093 2193 dat
1108 2150 1272 2192 habere
1289 2146 1441 2200 nepoti
1459 2161 1469 2193 3

376 2229 483 2268 Post
502 2229 689 2268 mortem
705 2225 822 2267 bello
839 2222 993 2265 Rutuli
1011 2232 1249 2275 pugnaque
1268 2217 1420 2273 potiti;

379 2300 484 2338 Haee
503 2296 640 2350 rapit,
662 2299 792 2347 atque
809 2293 1004 2336 humeris
1022 2289 1322 2345 nequidquam
1344 2284 1530 2328 fortibus
1550 2284 1681 2336 aptat.

379 2371 492 2409 'rum
510 2368 679 2417 galeam
694 2365 878 2421 Messapi
892 2363 1085 2405 habilem
1105 2360 1334 2411 cristisque
1349 2356 1555 2398 decoram

381 2437 560 2480 Induit:
585 2435 800 2480 excedunt
820 2433 976 2477 castris
995 2464 1002 2480 ,
1024 2434 1066 2474 et
1087 2432 1178 2472 tuta
1202 2428 1449 2481 capessunt.

1572 325 1603 362 ‘vl

1599 327 1645 363 ᾗ
