1917 2942
266 337 343 376 258
788 339 951 380 LIBER
982 340 1056 380 111.
1504 343 1577 380 4053

264 422 378 473 Quid
391 422 588 475 J‘uvenls,
610 433 822 476 magnum
837 425 910 467 cui
931 429 1078 468 versat
1093 426 1138 467 ln
1159 427 1327 469 ossibus
1349 428 1496 480 ignem

264 495 409 534 Durus
425 494 579 534 amor?
597 494 766 547 Nempe
786 495 985 549 abruptis
1004 497 1180 538 turbata
1198 498 1405 551 procellis

264 564 406 605 Nocte
422 565 544 605 natat
563 574 679 605 caeea
694 576 818 607 serus
838 565 949 607 freta
968 582 977 606 :
995 578 1130 619 quem
1145 579 1276 623 super
1291 569 1446 621 ingens

262 635 398 675 Porta
415 636 538 675 tonat
558 634 674 683 coeli,
700 637 745 676 et
759 636 950 690 scopulis
970 637 1083 678 illisa
1101 638 1342 680 reclamant

261 705 472 756 AEquora3
491 714 576 746 nec
589 704 739 746 miseri
757 708 944 758 possunt
960 717 1173 748 revocare
1191 713 1414 761 parentes,

262 774 354 814 Nec
368 773 581 815 moritura
597 786 729 828 super
744 774 915 817 crudeli
934 774 1092 818 [unere
1111 777 1254 830 virgo.

263 841 378 890 Quid
400 840 550 893 lynces
566 841 726 884 Bacchi
740 842 890 894 variae,
912 846 956 884 et
976 854 1115 896 genus
1137 856 1240 888 aere
1260 847 1475 900 luporum

263 913 407 962 Atque
423 912 611 952 canum?
631 911 738 964 quid
755 943 764 963 ‚
781 923 880 964 quae
905 913 1104 956 imbelles
1133 914 1241 956 dant
1257 917 1411 970 praelia
1430 919 1576 961 cervi?

314 980 490 1022 Scilicet
506 984 608 1023 ante
632 991 788 1023 ontnes
809 979 934 1024 furor
951 985 1019 1024 est
1037 983 1218 1036 insignis
1238 996 1477 1038 equaru1n;

263 1051 316 1089 Et
335 1052 532 1092 mentem
551 1053 699 1092 Venus
720 1051 813 1104 ipsa
829 1050 973 1101 dedit,
992 1064 1081 1106 quo
1096 1056 1298 1108 tempore
1315 1056 1469 1099 Glauci

262 1118 497 1161 Potniades
517 1120 645 1162 malis
666 1120 865 1162 membra
881 1121 1132 1164 absumsere
1147 1124 1389 1177 quadrigae.

259 1187 358 1231 Illas
375 1189 500 1231 ducit
516 1201 645 1231 amor
663 1193 780 1232 trans
799 1193 1020 1244 Gargara,
1043 1194 1252 1246 transque
1272 1197 1504 1238 sonantem

263 1259 525 1309 Ascanium3
545 1263 758 1314 superant
776 1263 968 1312 montes,
988 1265 1032 1303 et
1059 1260 1241 1304 flumina
1259 1265 1453 1306 tranant.

263 1330 576 1382 Continuoque
591 1360 600 1377 ‚
619 1329 757 1372 avidis
778 1329 852 1371 ubi
873 1329 1052 1371 subdita
1071 1329 1249 1372 flamma
1263 1332 1489 1381 medullis.

262 1401 375 1442 Vere
394 1400 547 1451 inagis,
569 1400 670 1452 quia
688 1410 793 1441 vere
812 1399 933 1442 calor
950 1400 1068 1442 redit
1083 1400 1264 1450 ossibus,
1290 1402 1398 1451 illae,

262 1471 347 1511 Ore
366 1479 519 1511 omnes
535 1479 671 1510 versae
685 1467 732 1508 in
752 1466 1033 1521 Zephyrum,
1056 1470 1175 1510 stant
1192 1470 1377 1524 rupibus
1398 1471 1496 1514 altis
1509 1504 1519 1519 ,

262 1539 592 1592 Exceptantque
611 1538 729 1579 leves
746 1548 874 1578 auras
888 1552 898 1586 3
920 1538 966 1579 et
979 1548 1095 1591 saepe
1111 1538 1206 1580 sine
1222 1539 1322 1581 ullis

261 1607 492 1661 conjugiis
512 1610 645 1650 vento
661 1606 855 1659 gravidae
875 1607 1106 1659 (mirabile
1121 1607 1244 1649 dictu
1260 1611 1269 1649 ῑ
1287 1618 1297 1658 5.

262 1682 371 1720 Saxa
389 1688 469 1733 per
487 1680 530 1719 et
547 1677 755 1731 scopulos
775 1680 819 1719 et
842 1676 1067 1731 depressas
1088 1677 1311 1720 convalles

260 1746 532 1800 Diffugiunt3
553 1756 669 1793 non,
689 1748 829 1797 Eure,
852 1748 954 1789 tuos
971 1777 980 1793 ‚
1002 1756 1148 1800 neque
1170 1747 1280 1789 Solis
1300 1747 1354 1790 ad
1372 1752 1517 1798 ortus;

260 1822 314 1861 In
331 1822 501 1861 Borean
521 1820 824 1869 Cam-umque,
846 1820 923 1858 aut
940 1816 1060 1859 unde
1077 1817 1342 1870 nigerrimus
1361 1822 1528 1862 Auster

261 1888 478 1934 Nascitur,
496 1889 541 1928 et
553 1885 705 1940 pluvio
722 1886 958 1928 contristat
974 1885 1139 1939 frigore
1156 1888 1333 1929 coelum.

259 1959 343 2000 Hic
360 1958 562 2005 demum,
578 1958 870 2011 hippomanes
892 1957 1139 2010 veroquod
1155 1958 1338 2001 nomine
1362 1959 1518 2003 dicunt

259 2030 464 2070 Pastores
478 2059 487 2075 ,
502 2028 672 2069 lentum
692 2026 882 2068 destillat
896 2025 948 2067 ab
965 2026 1149 2079 inguine
1169 2027 1289 2069 virus
1307 2043 1317 2076 ;

260 2098 585 2152 Hippomanes,
607 2094 726 2148 quod
739 2107 853 2149 saepe
868 2096 995 2136 malae
1010 2096 1157 2148 legere
1174 2108 1383 2139 novercas
1403 2130 1413 2150 ‚

262 2167 620 2218 hilscueruntque
636 2164 793 2206 herhas
807 2195 816 2212 ‚
836 2168 880 2207 et
900 2176 995 2206 non
1009 2165 1189 2207 innoxia
1201 2167 1353 2209 verba.

315 2237 396 2280 Sed
416 2234 527 2288 fugit
543 2236 735 2283 interea,
760 2234 872 2287 fugit
891 2236 1180 2289 irreparabile
1203 2240 1399 2291 tempus,

264 2306 440 2359 Singula
461 2304 564 2346 dum
584 2304 701 2358 capti
720 2305 1125 2348 circumvectamur
1143 2319 1309 2350 amore.

265 2381 361 2420 Hoc
382 2377 485 2418 satis
507 2376 730 2418 armentis.
749 2378 937 2429 Superat
957 2388 1059 2430 pars
1079 2378 1217 2420 altera
1234 2391 1373 2422 curaet

266 2446 499 2499 Lanigeros
517 2445 678 2498 agitare
697 2456 851 2498 greges
869 2443 1093 2500 hirtasque
1112 2447 1299 2502 capellas
