1917 2942
300 337 378 376 228
828 327 1088 370 AENEIDOS

305 426 530 474 Nusquam
546 421 638 459 tuta
658 415 782 458 fides.
802 416 1005 465 Ejectum
1023 412 1169 458 litore,
1183 414 1399 463 egentem,

307 492 485 544 Excepi,
507 493 552 531 et
564 488 692 541 regni
708 487 890 528 demens
905 485 950 525 in
966 487 1091 537 parte
1106 482 1248 525 locavi
1262 499 1273 529 ;

306 561 524 603 Amissum
545 559 742 602 classem.
768 556 924 602 socios,
946 566 969 596 a
992 555 1133 595 morte
1157 551 1324 595 reduxi.

307 635 347 672 H
354 634 431 673 eu!
453 629 578 671 furiis
591 630 770 670 incensa
788 626 926 667 feror!
945 626 1074 666 Nunc
1091 635 1230 676 augur
1248 622 1421 677 Apollo,

311 702 443 741 Nunc
464 699 607 750 Lyciae
623 699 779 743 sortes,
799 705 917 737 nunc
931 697 976 736 elz
991 697 1101 735 Jove
1120 694 1277 733 missus
1298 686 1464 744 abipso

309 772 533 820 lulespres
554 765 708 807 divum
724 764 807 806 fert
825 763 1004 804 horrida
1021 763 1141 813 jussa
1162 772 1240 814 per
1264 771 1409 801 auras.

312 838 486 879 Scilicet
503 836 537 877 is
553 835 726 888 superis
744 833 873 874 labor
890 836 954 873 est
973 845 981 868 τ
1004 843 1052 874 ea
1072 842 1177 873 eura
1197 831 1368 883 quietus

276 938 278 940 .
315 906 547 947 Sollicitat.
577 906 725 957 Neque
748 905 789 945 te
807 904 955 948 tense,
977 912 1122 955 neque
1139 901 1253 942 dicta
1269 900 1439 942 refello.

314 979 347 1024 Ι,
369 985 554 1029 sequere
568 973 738 1014 Italiam
757 972 924 1020 ventis;
957 976 1057 1024 pete
1071 981 1207 1023 regna
1226 982 1307 1024 per
1323 969 1480 1011 undas.

316 1049 452 1099 Spero
469 1043 673 1097 equidem
692 1041 861 1088 mediis,
880 1042 915 1083 si
935 1040 1042 1093 quid
1062 1041 1135 1094 pia
1159 1039 1340 1080 numina
1361 1039 1568 1093 possunt,

317 1114 540 1169 Supplicia
553 1111 795 1153 hausurum
810 1111 998 1164 scopulis
1016 1143 1023 1158 ‚
1043 1112 1087 1152 et
1106 1108 1288 1151 nomine
1306 1108 1420 1150 Dido

318 1188 443 1239 Saepe
461 1184 741 1225 vocaturum.
763 1184 928 1233 Sequar
948 1180 1052 1221 atris
1073 1178 1246 1232 ignibus
1264 1179 1442 1224 absens:

320 1255 402 1301 Et,
423 1264 560 1306 quum
581 1251 739 1305 frigida
757 1263 876 1294 mors
897 1253 1044 1294 anima
1065 1250 1288 1294 seduxerit
1304 1253 1437 1296 artus,

323 1322 537 1363 Omnibus
555 1321 713 1364 umbra
729 1321 835 1363 loeis
854 1321 1004 1363 adero.
1022 1320 1167 1365 Dahis,
1191 1319 1414 1373 improbe,
1438 1327 1605 1371 peenas.

328 1393 520 1434 Audiam
537 1409 548 1441 ;
565 1394 611 1435 et
629 1391 723 1434 haec
740 1395 887 1434 Manes
903 1392 1055 1434 veniel
1074 1390 1183 1431 mihi
1203 1389 1317 1431 fama
1333 1390 1412 1431 sul]
1434 1391 1565 1430 imos.
1591 1406 1605 1426 n

379 1464 457 1504 His
477 1461 674 1505 medium
695 1461 823 1504 dictis
839 1472 1088 1503 sermonem
1109 1461 1350 1512 abrumpit,
1373 1461 1416 1502 et
1433 1471 1557 1502 auras

328 1536 457 1586 AEgra
478 1533 604 1585 fugit,
625 1544 758 1585 seque
780 1543 832 1575 ex
850 1532 988 1574 oeulis
1008 1533 1167 1572 avertit
1185 1534 1229 1573 et
1249 1528 1413 1577 aufert3

328 1603 555 1655 Linquens
571 1601 711 1643 multa
731 1602 851 1643 metu
873 1600 1171 1645 cunctantem,
1191 1603 1234 1641 et
1249 1599 1387 1640 multa
1407 1602 1638 1653 parantem

330 1672 503 1715 Dicere.
525 1671 779 1726 Suscipiunt
797 1669 983 1717 famulas,
1006 1669 1285 1722 collapsaque
1299 1667 1497 1711 membra

330 1743 580 1783 marmoreo
595 1738 794 1782 referunt
810 1739 1015 1784 thalamo,
1034 1738 1265 1791 stratisque
1281 1741 1523 1792 reponunt.

383 1813 444 1849 At
459 1809 556 1862 pius
570 1812 737 1854 AEneas,
758 1818 1024 1861 quamquam
1044 1809 1184 1849 lenire
1207 1806 1432 1850 dolentem

334 1877 524 1920 solando
544 1879 681 1930 cupit,
700 1879 744 1920 et
762 1877 891 1920 dictis
908 1879 1106 1919 avertere
1125 1886 1274 1927 euras;

334 1950 473 1990 Multa
489 1959 683 2002 gemens,
709 1958 958 2001 magnoque
987 1947 1184 1988 animum
1203 1945 1444 1990 labefactus
1466 1958 1644 1997 amorm

334 2022 465 2060 Jussa
484 2020 630 2061 tamen
649 2018 800 2059 divum
821 2019 1085 2072 exsequitur,
1103 2018 1373 2073 classemque
1390 2019 1562 2062 revisit.

337 2092 451 2129 Tum
468 2099 574 2130 vero
594 2088 751 2130 Teucri
767 2087 1033 2130 incumbunt
1049 2118 1058 2133 ,
1077 2089 1121 2128 et
1134 2087 1264 2130 litore
1281 2090 1418 2130 celsas

338 2158 577 2200 Deducunt
590 2160 687 2199 toto
702 2167 851 2199 naves.
870 2159 905 2197 N
912 2158 1148 2206 atatuneta
1163 2157 1312 2199 carina
1325 2174 1335 2205 ;

340 2227 703 2280 Frondentesque
719 2226 865 2270 ferunt
880 2238 1026 2270 remos
1040 2229 1085 2269 et
1098 2226 1257 2269 robora
1271 2227 1389 2270 silvis

342 2294 625 2343 Infabricata,
643 2295 754 2348 fugae
769 2295 934 2338 studio.

344 2366 580 2417 Migrantes
597 2375 763 2412 cernas,
784 2366 962 2418 totaque
981 2376 1031 2408 ex
1051 2364 1160 2407 urbe
1180 2366 1372 2407 ruentes.

342 2438 408 2475 ,Ae
427 2433 561 2476 veluti
582 2465 589 2482 ,
615 2433 841 2487 ingentem
864 2434 1057 2477 sormicae
1081 2433 1204 2476 farris
1222 2445 1426 2477 acervum

1535 323 1575 360 ΞΙ

1561 321 1612 358 ἀ
