1917 2942
251 319 325 360 ⁴25
747 319 909 357 L1BER
939 319 1034 357 xil.
1473 318 1540 356 43¹

250 405 403 454 Pugna
420 405 565 444 vocet.
586 402 678 443 Nec
696 412 786 443 non
806 401 960 443 mediis
982 402 1028 441 in
1047 400 1238 441 millibus
1260 401 1340 453 ipsi

249 474 460 513 Ductores
484 483 591 512 auro
611 471 800 513 volitant
816 474 1025 524 ostroque
1042 469 1190 512 decori
1208 501 1218 519 ,

247 544 301 582 Et
321 553 459 594 genus
479 541 677 584 Assaraci
700 542 949 583 Mnestheus
966 571 976 586 ‚
1000 546 1044 584 et
1066 539 1190 581 fortis
1212 540 1364 592 Asylas
1382 570 1390 584 .

247 613 300 651 Et
321 614 542 664 Messapus
561 610 721 664 equum
742 610 948 659 domitor,
971 611 1191 663 Neptunia
1212 611 1370 662 proles.

246 683 387 734 thue
409 680 512 723 dato
527 681 653 734 signo
674 681 814 734 spatia
832 682 879 722 in
897 692 974 722 sua
989 682 1171 734 quisque
1186 680 1365 722 recessit
1379 697 1388 725 ;

246 750 454 803 Defigunt
475 752 628 794 tellure
644 750 787 792 hastas
805 782 814 796 ‚
841 754 884 791 et
900 754 1022 793 scuta
1038 751 1270 793 reclinant.

246 825 356 862 Tum
374 820 519 864 studio
540 820 688 863 eiiusae
707 824 865 862 matres
882 851 892 869 ‚
909 822 953 863 et
971 820 1127 872 vulgus
1146 820 1391 862 inermum.

244 891 519 944 Invalidique
535 902 681 937 senes,
701 892 843 932 turres
863 894 905 931 et
923 893 1037 932 tecta
1053 889 1287 931 domorum

244 960 489 1008 Obsedere3
509 961 581 1002 alii
601 962 740 1014 portis
758 958 1016 1002 sublimibus
1032 958 1222 1000 adstant.

298 1033 357 1071 At
373 1033 491 1072 Juno
511 1042 534 1072 e
558 1042 731 1072 summo
745 1060 755 1076 ,
775 1030 851 1084 qui
870 1039 991 1070 nune
1011 1028 1206 1070 Albanus
1225 1028 1414 1069 liabetur

244 1102 376 1149 (Tum
390 1111 532 1152 neque
547 1110 711 1142 nomen
727 1104 836 1148 erat,
855 1110 937 1141 nec
952 1098 1111 1144 honos.
1127 1102 1201 1139 aut
1216 1095 1354 1149 gloria
1372 1096 1547 1142 monto,

245 1170 523 1222 Prospiciens
543 1170 713 1211 tumulo
733 1181 938 1223 campum
959 1169 1263 1222 adspectabat,
1286 1171 1330 1209 et
1349 1168 1498 1208 ambas

247 1241 514 1281 Laurentum
535 1242 790 1293 Troumque
811 1239 949 1288 acies,
973 1239 1216 1288 urbemque
1239 1238 1394 1279 Latini.

246 1308 473 1362 Extemplo
491 1310 627 1350 Turni
647 1309 709 1351 sic
730 1312 796 1351 est
816 1308 960 1350 adfata
979 1319 1179 1350 sororem

247 1379 360 1421 Diva
379 1378 506 1421 deam
533 1380 696 1432 stagnis
715 1391 811 1433 quae
834 1378 1174 1431 [luminibusque
1195 1378 1367 1421 sonoris

247 1448 486 1496 P1·aesidet;
504 1450 625 1492 hunc
640 1449 703 1490 illi
719 1461 794 1490 rex
815 1448 989 1491 aetheris
1016 1450 1127 1490 altus
1146 1449 1365 1491 honorem

248 1519 452 1572 Juppiter
470 1520 620 1570 erepta
638 1529 721 1572 pro
741 1517 993 1571 virginitate
1014 1518 1202 1560 sacravit
1223 1535 1231 1558 :

250 1600 268 1623 α
288 1586 504 1640 Nympha,
526 1587 660 1629 decus
683 1586 933 1638 fluviorum,
952 1586 1099 1628 auimo
1118 1587 1365 1638 gratissima
1380 1592 1546 1633 nostro.

245 1656 335 1698 Scis
353 1659 404 1699 ut
420 1660 461 1700 te
479 1658 649 1700 cunetis
666 1688 675 1704 ,
698 1669 831 1699 unam
849 1688 857 1704 ‚
878 1668 1153 1710 quascunque
1170 1659 1336 1699 Latinas

248 1729 517 1781 Magnanimi
537 1732 561 1769 J
567 1730 660 1770 ovis
680 1729 902 1780 ingratum
923 1728 1192 1770 adscendere
1212 1729 1355 1771 cubile
1377 1762 1384 1777 ,

248 1797 530 1840 Praetulerim
551 1831 558 1846 ,
578 1798 763 1850 coelique
780 1798 933 1840 lubens
947 1798 995 1838 in
1011 1800 1135 1850 parte
1154 1799 1338 1840 locarim
1358 1815 1367 1838 ι

247 1867 375 1911 Disce
390 1870 541 1916 tuum.
564 1880 620 1911 ne
640 1880 711 1911 me
738 1869 933 1915 incuseS‚
957 1871 981 1908 J
988 1873 1170 1912 ulurna.
1194 1868 1409 1911 dolorem.

247 1940 341 1988 Qua
355 1938 443 1981 visa
463 1941 531 1981 est
549 1938 724 1981 fortuna
745 1938 831 1993 pati
850 1969 859 1986 ,
883 1942 1121 1991 Parcaeque
1138 1938 1343 1980 sinebant

248 2009 415 2051 Cedere
436 2020 505 2051 res
524 2011 670 2055 Latio,
693 2012 891 2050 Turnum
913 2010 957 2051 et
979 2010 1051 2049 tua
1069 2009 1233 2050 moenia
1256 2011 1335 2050 texi
1361 2026 1369 2049 :

247 2079 280 2116 N
288 2090 375 2121 unc
390 2080 601 2129 juvenem
620 2079 860 2131 imparibus
880 2079 1010 2121 video
1031 2090 1299 2121 concurrere
1320 2079 1419 2121 saris
1440 2113 1448 2130 ,

249 2150 576 2202 Parcarumque
595 2148 688 2190 dies
709 2152 752 2190 et
773 2148 838 2190 vis
858 2148 1037 2190 inimica
1058 2149 1347 2203 propinquat.

251 2221 348 2258 Non
363 2228 560 2271 pugnam
575 2218 803 2272 adspicere
831 2217 948 2259 hanc
966 2218 1128 2267 oculis,
1153 2229 1243 2259 non
1262 2219 1427 2262 foedera
1452 2232 1552 2273 pos-

247 2292 307 2332 Tu
324 2320 333 2335 ‚
355 2299 437 2342 bro
455 2297 665 2342 germano
684 2289 718 2329 si
740 2288 846 2341 quid
865 2288 1122 2340 praesentius
1141 2288 1274 2331 audes
1290 2321 1298 2336 .
1426 2290 1552 2340 [sum.

250 2362 392 2413 Perge
416 2372 425 2396 ι
447 2359 590 2402 decet.
612 2361 775 2400 Forsan
800 2358 985 2401 miseros
1003 2359 1187 2401 meliora
1204 2361 1459 2413 sequentur.
1482 2377 1499 2397 »

300 2429 376 2471 Vix
396 2442 446 2472 ea
467 2443 477 2467 τ
497 2441 634 2484 quum
649 2429 868 2482 lacrymas
888 2430 1025 2471 oculis
1044 2433 1067 2471 J
1074 2434 1238 2473 uturna
1257 2430 1475 2484 profudit.
