1917 2942
253 295 329 334 667
760 293 920 332 LIBER
950 295 994 331 V.
1478 295 1556 335 265

251 380 426 421 Primus
442 382 488 422 et
507 380 733 426 Ascanius.
755 391 910 422 cursus
928 381 980 421 ut
1001 381 1125 421 laetus
1149 381 1374 434 equestres

252 449 464 500 Ducebat,
481 449 543 491 sic
562 459 665 490 acer
683 459 797 501 equo
819 448 994 491 turbata
1010 449 1169 502 petivit

251 520 400 560 Castra
419 534 427 556 :
448 528 532 560 nec
550 518 767 559 exanimes
787 520 969 572 possunt
981 519 1172 562 retinere
1187 519 1400 570 magistri.

257 589 387 639 «Quis
401 588 527 630 furor
540 587 622 630 iste
636 589 807 629 novus?
824 599 910 641 quo
927 599 1061 635 nunc,
1085 599 1171 641 quo
1191 589 1382 636 tenditis,
1403 589 1557 642 inquit,

256 660 377 700 Heu!
408 658 580 700 miserae
595 659 744 700 cives?
771 668 862 699 non
878 657 1065 705 hostem,
1083 658 1351 712 inimicaque
1367 661 1510 702 castra

259 728 471 780 Argivum
486 744 497 777 ς
513 731 680 771 vestras
693 739 790 781 spes
805 730 948 771 uritis.
965 731 1031 769 En
1052 741 1147 782 ego.
1168 733 1314 772 vester

258 798 487 839 Ascanius.
509 813 525 836 »
547 799 724 841 Galeam
743 800 844 842 ante
864 799 996 853 pedes
1011 801 1402 853 projecitinanem,

258 870 355 916 Qua
373 867 479 909 ludo
498 867 680 909 indutus
695 868 798 911 belli
815 870 1046 911 simulacra
1063 870 1219 912 ciebat.

260 937 495 980 Adcelerat
513 938 643 979 simul
661 941 832 984 AEneas‚
855 938 984 980 simul
1003 939 1177 991 agmina
1196 938 1430 982 Teucrum.

259 1008 339 1048 Ast
357 1007 440 1048 1¹1ae
458 1006 632 1049 diversa
648 1009 769 1050 metu
785 1020 864 1063 per
880 1009 1013 1050 litora
1026 1008 1188 1061 passim

260 1074 529 1128 Diffugiunt3
554 1078 786 1131 silvasque,
809 1082 852 1119 et
867 1078 1003 1120 sicubi
1023 1089 1221 1120 concava
1240 1077 1391 1121 furtim

260 1147 382 1192 Saxa,
400 1146 578 1197 petunt·
591 1146 717 1199 Piget
733 1147 916 1201 incepti,
936 1147 1156 1200 lucisque;
1179 1158 1369 1201 suosque

260 1215 434 1255 Mutatus
454 1213 742 1267 adgnoscunt,
764 1227 1028 1269 excussaque
1045 1220 1225 1270 pectore
1240 1221 1360 1259 Juno
1379 1221 1458 1260 est.

311 1284 396 1326 Sed
413 1295 505 1326 non
522 1284 688 1326 idcirco
708 1283 894 1327 flammae
911 1290 1042 1339 atque
1058 1286 1265 1329 incendia
1277 1288 1395 1330 vires

260 1353 502 1395 Indomitas
522 1366 710 1408 posuere
728 1355 845 1396 :udo
863 1356 943 1397 sub
963 1356 1123 1398 robore
1142 1357 1250 1399 vivit

261 1424 440 1477 stuppa,
460 1435 643 1466 vomens
660 1424 834 1467 tardum
851 1425 1019 1467 fumum
1037 1443 1045 1474 ;
1068 1427 1298 1480 lentusque
1316 1429 1487 1472 carinas

261 1494 337 1533 Est
356 1503 508 1546 vapor,
530 1497 575 1534 et
589 1494 681 1535 toto
697 1493 926 1536 descendit
944 1506 1132 1548 corpore
1147 1497 1303 1549 pestis;

261 1564 297 1602 N
304 1573 353 1606 ec
366 1564 482 1606 vires
498 1564 685 1607 heroum
707 1563 936 1618 infusaque
954 1565 1134 1608 flumina
1154 1573 1357 1621 prosunt.

262 1635 371 1674 Tum
394 1634 492 1687 pius
508 1637 662 1676 AEneas
675 1634 870 1677 humeris
888 1635 1146 1679 abscindere
1159 1645 1344 1691 vestem,

264 1702 522 1756 Auxilioque
538 1714 697 1746 vocare
721 1703 840 1752 deos,
864 1708 908 1747 et
929 1704 1110 1749 tendere
1132 1708 1297 1760 palmas
1319 1722 1328 1745 :

319 1786 335 1809 a
358 1773 565 1826 Juppiter
585 1775 882 1827 omnipotens,
903 1774 936 1815 si
956 1775 1158 1817 noudum
1177 1788 1332 1820 exosus
1355 1778 1412 1821 ad
1431 1792 1571 1822 unum

263 1842 491 1892 'frojanoa
507 1841 543 1882 si
560 1841 665 1895 quid
683 1843 821 1896 pietas
835 1843 1015 1896 antiqua
1030 1844 1203 1887 labores

265 1910 460 1963 Respicit
475 1910 693 1954 humanos
713 1930 723 1962 ;
744 1912 799 1954 da
820 1911 1038 1956 flammam
1060 1914 1247 1966 evadere
1266 1917 1390 1959 classi

265 1980 407 2026 Nunc,
441 1982 580 2033 pater,
601 1984 646 2024 et
662 1984 817 2025 tenues
834 1983 1051 2025 Teucrum
1066 1996 1134 2026 res
1149 1986 1270 2039 eripe
1278 1988 1390 2029 leto.

264 2048 342 2090 Vel
360 2052 425 2097 tu,
446 2049 566 2103 quod
585 2053 798 2103 superest,
817 2051 979 2094 infesto
997 2051 1180 2095 fulmine
1195 2056 1343 2102 morti,

263 2119 305 2160 Si
326 2131 513 2168 mereor,
536 2120 735 2170 demitte,
752 2124 915 2175 tuaque
940 2121 1010 2163 hic
1025 2123 1162 2167 obrue
1180 2124 1349 2167 dextra.
1368 2142 1385 2164 n

317 2192 349 2228 V
354 2189 396 2230 ix
408 2190 504 2232 baee
521 2189 733 2239 ediderat,
755 2202 891 2244 quum
909 2191 1058 2235 effusis
1078 2194 1291 2237 imbribus
1310 2199 1404 2239 atra

265 2262 516 2314 Tempestas
531 2261 626 2303 sine
646 2273 772 2304 more
794 2262 912 2309 furit,
937 2263 1192 2317 tonitruque
1214 2266 1474 2309 tremiscunt

267 2329 415 2371 Ardua
436 2330 651 2372 terrarum
671 2334 715 2372 et
733 2333 875 2385 campi
895 2347 905 2379 ς
935 2333 1023 2374 ruit
1043 2333 1208 2377 aethere
1238 2337 1332 2377 toto

267 2400 483 2443 Turbidus
498 2402 638 2446 imber
660 2414 783 2456 aqua,
808 2403 1040 2455 densisque
1061 2406 1323 2460 nigerrimus
1347 2410 1539 2451 Austris:
