<?xml version="1.0" encoding="UTF-8"?>
<!DOCTYPE html PUBLIC "-//W3C//DTD XHTML 1.0 Transitional//EN"
    "http://www.w3.org/TR/xhtml1/DTD/xhtml1-transitional.dtd">
<html xmlns="http://www.w3.org/1999/xhtml" xml:lang="en" lang="en">
 <head>
  <title>
</title>
<meta http-equiv="Content-Type" content="text/html;charset=utf-8" />
  <meta name='ocr-system' content='tesseract 3.04.00' />
  <meta name='ocr-capabilities' content='ocr_page ocr_carea ocr_par ocr_line ocrx_word'/>
</head>
<body>
  <div class='ocr_page' id='page_1' title='image "./publiivirgiliim01unkngoog_0101.png"; bbox 0 0 1917 2942; ppageno 0'>
   <div class='ocr_carea' id='block_1_1' title="bbox 195 319 1510 359">
    <p class='ocr_par' dir='ltr' id='par_1_1' title="bbox 195 319 1510 359">
     <span class='ocr_line' id='line_1_1' title="bbox 195 319 1510 359; baseline -0.002 -1"><span class='ocrx_word' id='word_1_1' title='bbox 195 320 244 359; x_wconf 75' lang='lat'>78</span> <span class='ocrx_word' id='word_1_2' title='bbox 716 320 879 358; x_wconf 78' lang='lat' dir='ltr'>LIBER</span> <span class='ocrx_word' id='word_1_3' title='bbox 911 319 990 357; x_wconf 83' lang='lat'>111.</span> <span class='ocrx_word' id='word_1_4' title='bbox 1461 320 1510 357; x_wconf 83' lang='lat'>97</span> 
     </span>
    </p>
   </div>
   <div class='ocr_carea' id='block_1_2' title="bbox 195 403 1512 2470">
    <p class='ocr_par' dir='ltr' id='par_1_2' title="bbox 198 403 1175 457">
     <span class='ocr_line' id='line_1_2' title="bbox 198 403 1175 457; baseline -0.001 -13"><span class='ocrx_word' id='word_1_5' title='bbox 198 404 343 447; x_wconf 81' lang='lat' dir='ltr'>Audet</span> <span class='ocrx_word' id='word_1_6' title='bbox 358 435 367 455; x_wconf 84' lang='lat'><strong><em>,</em></strong></span> <span class='ocrx_word' id='word_1_7' title='bbox 381 408 427 446; x_wconf 56' lang='lat' dir='ltr'>⁴et</span> <span class='ocrx_word' id='word_1_8' title='bbox 442 404 596 456; x_wconf 80' lang='lat' dir='ltr'>ignoto</span> <span class='ocrx_word' id='word_1_9' title='bbox 617 414 710 445; x_wconf 84' lang='lat' dir='ltr'>sese</span> <span class='ocrx_word' id='word_1_10' title='bbox 728 403 1006 445; x_wconf 79' lang='lat' dir='ltr'>committere</span> <span class='ocrx_word' id='word_1_11' title='bbox 1021 405 1148 457; x_wconf 83' lang='lat' dir='ltr'>ponti</span> <span class='ocrx_word' id='word_1_12' title='bbox 1165 419 1175 452; x_wconf 91' lang='lat'>;</span> 
     </span>
    </p>

    <p class='ocr_par' dir='ltr' id='par_1_3' title="bbox 196 472 1413 736">
     <span class='ocr_line' id='line_1_3' title="bbox 197 472 1302 528; baseline 0 -14"><span class='ocrx_word' id='word_1_13' title='bbox 197 478 288 517; x_wconf 85' lang='lat' dir='ltr'>Nec</span> <span class='ocrx_word' id='word_1_14' title='bbox 309 486 446 517; x_wconf 74' lang='lat' dir='ltr'>vanos</span> <span class='ocrx_word' id='word_1_15' title='bbox 461 475 614 517; x_wconf 83' lang='lat' dir='ltr'>horret</span> <span class='ocrx_word' id='word_1_16' title='bbox 634 475 859 528; x_wconf 82' lang='lat' dir='ltr'>strepitus.</span> <span class='ocrx_word' id='word_1_17' title='bbox 882 473 951 514; x_wconf 88' lang='lat' dir='ltr'>Illi</span> <span class='ocrx_word' id='word_1_18' title='bbox 969 472 1105 515; x_wconf 81' lang='lat' dir='ltr'>ardua</span> <span class='ocrx_word' id='word_1_19' title='bbox 1124 474 1272 515; x_wconf 77' lang='lat' dir='ltr'>cervix</span> <span class='ocrx_word' id='word_1_20' title='bbox 1291 504 1302 525; x_wconf 85' lang='lat'>,</span> 
     </span>
     <span class='ocr_line' id='line_1_4' title="bbox 196 543 1413 599; baseline 0 -14"><span class='ocrx_word' id='word_1_21' title='bbox 196 547 504 598; x_wconf 81' lang='lat' dir='ltr'>Argutumque</span> <span class='ocrx_word' id='word_1_22' title='bbox 522 548 654 599; x_wconf 82' lang='lat' dir='ltr'>caput.</span> <span class='ocrx_word' id='word_1_23' title='bbox 673 575 683 595; x_wconf 85' lang='lat'><strong><em>,</em></strong></span> <span class='ocrx_word' id='word_1_24' title='bbox 701 543 847 585; x_wconf 83' lang='lat' dir='ltr'>brevis</span> <span class='ocrx_word' id='word_1_25' title='bbox 863 545 999 592; x_wconf 79' lang='lat' dir='ltr'>alvus,</span> <span class='ocrx_word' id='word_1_26' title='bbox 1024 543 1240 596; x_wconf 79' lang='lat' dir='ltr'>obesaque</span> <span class='ocrx_word' id='word_1_27' title='bbox 1262 547 1383 596; x_wconf 76' lang='lat' dir='ltr'>terga</span> <span class='ocrx_word' id='word_1_28' title='bbox 1403 558 1413 590; x_wconf 74' lang='grc' dir='ltr'><strong><em>ς</em></strong></span> 
     </span>
     <span class='ocr_line' id='line_1_5' title="bbox 201 611 1284 665; baseline 0 -13"><span class='ocrx_word' id='word_1_29' title='bbox 201 613 493 665; x_wconf 77' lang='lat' dir='ltr'>Luxuriatque</span> <span class='ocrx_word' id='word_1_30' title='bbox 516 613 621 654; x_wconf 86' lang='lat' dir='ltr'>toris</span> <span class='ocrx_word' id='word_1_31' title='bbox 642 612 892 653; x_wconf 84' lang='lat' dir='ltr'>animosum</span> <span class='ocrx_word' id='word_1_32' title='bbox 911 616 1081 665; x_wconf 74' lang='lat' dir='ltr'>pectus.</span> <span class='ocrx_word' id='word_1_33' title='bbox 1098 611 1284 654; x_wconf 81' lang='lat' dir='ltr'>Honesti</span> 
     </span>
     <span class='ocr_line' id='line_1_6' title="bbox 196 681 1296 736; baseline 0.002 -14"><span class='ocrx_word' id='word_1_34' title='bbox 196 682 426 736; x_wconf 79' lang='lat' dir='ltr'>spadices,</span> <span class='ocrx_word' id='word_1_35' title='bbox 450 682 683 735; x_wconf 81' lang='lat' dir='ltr'>glaucique</span> <span class='ocrx_word' id='word_1_36' title='bbox 707 698 716 722; x_wconf 88' lang='lat'>:</span> <span class='ocrx_word' id='word_1_37' title='bbox 740 681 864 723; x_wconf 87' lang='lat' dir='ltr'>color</span> <span class='ocrx_word' id='word_1_38' title='bbox 884 682 1147 724; x_wconf 86' lang='lat' dir='ltr'>deterrimus</span> <span class='ocrx_word' id='word_1_39' title='bbox 1162 682 1296 730; x_wconf 85' lang='lat' dir='ltr'>albis,</span> 
     </span>
    </p>

    <p class='ocr_par' dir='ltr' id='par_1_4' title="bbox 196 750 1412 1008">
     <span class='ocr_line' id='line_1_7' title="bbox 197 750 1412 805; baseline 0.002 -15"><span class='ocrx_word' id='word_1_40' title='bbox 197 754 250 790; x_wconf 85' lang='lat' dir='ltr'>Et</span> <span class='ocrx_word' id='word_1_41' title='bbox 265 751 397 803; x_wconf 73' lang='lat' dir='ltr'>gilvo.</span> <span class='ocrx_word' id='word_1_42' title='bbox 413 756 524 792; x_wconf 89' lang='lat' dir='ltr'>Tum</span> <span class='ocrx_word' id='word_1_43' title='bbox 539 782 548 799; x_wconf 94' lang='lat'>‚</span> <span class='ocrx_word' id='word_1_44' title='bbox 571 751 606 793; x_wconf 82' lang='lat' dir='ltr'>si</span> <span class='ocrx_word' id='word_1_45' title='bbox 627 763 713 804; x_wconf 81' lang='lat' dir='ltr'>qua</span> <span class='ocrx_word' id='word_1_46' title='bbox 731 762 889 793; x_wconf 84' lang='lat' dir='ltr'>sonum</span> <span class='ocrx_word' id='word_1_47' title='bbox 905 752 1062 805; x_wconf 79' lang='lat' dir='ltr'>procul</span> <span class='ocrx_word' id='word_1_48' title='bbox 1084 763 1204 793; x_wconf 82' lang='lat' dir='ltr'>arma</span> <span class='ocrx_word' id='word_1_49' title='bbox 1225 750 1386 793; x_wconf 85' lang='lat' dir='ltr'>dedere</span> <span class='ocrx_word' id='word_1_50' title='bbox 1405 783 1412 798; x_wconf 83' lang='lat'><em>.</em></span> 
     </span>
     <span class='ocr_line' id='line_1_8' title="bbox 196 818 1368 867; baseline 0.002 -9"><span class='ocrx_word' id='word_1_51' title='bbox 196 821 315 860; x_wconf 79' lang='lat' dir='ltr'>Stare</span> <span class='ocrx_word' id='word_1_52' title='bbox 335 819 435 860; x_wconf 87' lang='lat' dir='ltr'>loco</span> <span class='ocrx_word' id='word_1_53' title='bbox 451 819 594 861; x_wconf 83' lang='lat' dir='ltr'>nescit</span> <span class='ocrx_word' id='word_1_54' title='bbox 611 834 620 857; x_wconf 72' lang='grc' dir='ltr'><strong><em>ι</em></strong></span> <span class='ocrx_word' id='word_1_55' title='bbox 637 820 771 860; x_wconf 80' lang='lat' dir='ltr'>micat</span> <span class='ocrx_word' id='word_1_56' title='bbox 789 818 980 865; x_wconf 85' lang='lat' dir='ltr'>auribus,</span> <span class='ocrx_word' id='word_1_57' title='bbox 1003 822 1046 861; x_wconf 89' lang='lat' dir='ltr'>et</span> <span class='ocrx_word' id='word_1_58' title='bbox 1066 819 1209 860; x_wconf 86' lang='lat' dir='ltr'>tremit</span> <span class='ocrx_word' id='word_1_59' title='bbox 1225 822 1368 867; x_wconf 83' lang='lat' dir='ltr'>artus;</span> 
     </span>
     <span class='ocr_line' id='line_1_9' title="bbox 197 887 1368 941; baseline -0.001 -13"><span class='ocrx_word' id='word_1_60' title='bbox 197 888 532 941; x_wconf 75' lang='lat' dir='ltr'>collectumque</span> <span class='ocrx_word' id='word_1_61' title='bbox 554 887 744 930; x_wconf 79' lang='lat' dir='ltr'>fremens</span> <span class='ocrx_word' id='word_1_62' title='bbox 762 887 898 930; x_wconf 84' lang='lat' dir='ltr'>volvit</span> <span class='ocrx_word' id='word_1_63' title='bbox 913 888 993 929; x_wconf 88' lang='lat' dir='ltr'>sub</span> <span class='ocrx_word' id='word_1_64' title='bbox 1009 887 1186 929; x_wconf 84' lang='lat' dir='ltr'>naribus</span> <span class='ocrx_word' id='word_1_65' title='bbox 1204 888 1368 940; x_wconf 79' lang='lat' dir='ltr'>ignem.</span> 
     </span>
     <span class='ocr_line' id='line_1_10' title="bbox 197 954 1336 1008; baseline -0.003 -11"><span class='ocrx_word' id='word_1_66' title='bbox 197 960 341 998; x_wconf 77' lang='lat' dir='ltr'>Densa</span> <span class='ocrx_word' id='word_1_67' title='bbox 353 957 472 1008; x_wconf 80' lang='lat' dir='ltr'>juba,</span> <span class='ocrx_word' id='word_1_68' title='bbox 492 961 534 999; x_wconf 86' lang='lat' dir='ltr'>et</span> <span class='ocrx_word' id='word_1_69' title='bbox 549 957 704 999; x_wconf 78' lang='lat' dir='ltr'>dextro</span> <span class='ocrx_word' id='word_1_70' title='bbox 715 958 877 1007; x_wconf 83' lang='lat' dir='ltr'>jactata</span> <span class='ocrx_word' id='word_1_71' title='bbox 891 954 1111 998; x_wconf 83' lang='lat' dir='ltr'>recumbit</span> <span class='ocrx_word' id='word_1_72' title='bbox 1129 958 1173 996; x_wconf 84' lang='lat' dir='ltr'>in</span> <span class='ocrx_word' id='word_1_73' title='bbox 1193 966 1336 996; x_wconf 79' lang='lat' dir='ltr'>armo.</span> 
     </span>
    </p>

    <p class='ocr_par' dir='ltr' id='par_1_5' title="bbox 196 1025 1387 1217">
     <span class='ocr_line' id='line_1_11' title="bbox 198 1025 1274 1081; baseline 0 -15"><span class='ocrx_word' id='word_1_74' title='bbox 198 1029 256 1067; x_wconf 80' lang='lat' dir='ltr'>At</span> <span class='ocrx_word' id='word_1_75' title='bbox 273 1026 435 1081; x_wconf 80' lang='lat' dir='ltr'>duplex</span> <span class='ocrx_word' id='word_1_76' title='bbox 454 1027 595 1079; x_wconf 80' lang='lat' dir='ltr'>agitur</span> <span class='ocrx_word' id='word_1_77' title='bbox 613 1037 693 1081; x_wconf 84' lang='lat' dir='ltr'>per</span> <span class='ocrx_word' id='word_1_78' title='bbox 709 1026 881 1068; x_wconf 84' lang='lat' dir='ltr'>lumbos</span> <span class='ocrx_word' id='word_1_79' title='bbox 895 1025 1037 1077; x_wconf 81' lang='lat' dir='ltr'>spina3</span> <span class='ocrx_word' id='word_1_80' title='bbox 1060 1030 1274 1078; x_wconf 79' lang='lat' dir='ltr'>cavatque</span> 
     </span>
     <span class='ocr_line' id='line_1_12' title="bbox 196 1095 1387 1149; baseline -0.003 -13"><span class='ocrx_word' id='word_1_81' title='bbox 196 1097 415 1139; x_wconf 82' lang='lat' dir='ltr'>Tellurem</span> <span class='ocrx_word' id='word_1_82' title='bbox 436 1130 443 1144; x_wconf 82' lang='grc'>,</span> <span class='ocrx_word' id='word_1_83' title='bbox 466 1103 509 1139; x_wconf 89' lang='lat' dir='ltr'>et</span> <span class='ocrx_word' id='word_1_84' title='bbox 527 1095 669 1143; x_wconf 81' lang='lat' dir='ltr'>solido</span> <span class='ocrx_word' id='word_1_85' title='bbox 685 1096 879 1149; x_wconf 80' lang='lat' dir='ltr'>graviter</span> <span class='ocrx_word' id='word_1_86' title='bbox 897 1099 1024 1136; x_wconf 83' lang='lat' dir='ltr'>sonat</span> <span class='ocrx_word' id='word_1_87' title='bbox 1046 1097 1210 1148; x_wconf 82' lang='lat' dir='ltr'>ungula</span> <span class='ocrx_word' id='word_1_88' title='bbox 1225 1105 1387 1137; x_wconf 82' lang='lat' dir='ltr'>cornu.</span> 
     </span>
     <span class='ocr_line' id='line_1_13' title="bbox 196 1162 1162 1217; baseline 0 -14"><span class='ocrx_word' id='word_1_89' title='bbox 196 1164 310 1206; x_wconf 80' lang='lat' dir='ltr'>Talis</span> <span class='ocrx_word' id='word_1_90' title='bbox 328 1164 542 1217; x_wconf 78' lang='lat' dir='ltr'>Amyclaei</span> <span class='ocrx_word' id='word_1_91' title='bbox 560 1163 752 1206; x_wconf 76' lang='lat' dir='ltr'>domitus</span> <span class='ocrx_word' id='word_1_92' title='bbox 769 1164 959 1205; x_wconf 76' lang='lat' dir='ltr'>Pollucis</span> <span class='ocrx_word' id='word_1_93' title='bbox 980 1162 1162 1204; x_wconf 81' lang='lat' dir='ltr'>habenis</span> 
     </span>
    </p>

    <p class='ocr_par' dir='ltr' id='par_1_6' title="bbox 197 1227 1296 1287">
     <span class='ocr_line' id='line_1_14' title="bbox 197 1227 1296 1287; baseline 0 -13"><span class='ocrx_word' id='word_1_94' title='bbox 197 1234 410 1287; x_wconf 80' lang='lat' dir='ltr'>Cyllarus,</span> <span class='ocrx_word' id='word_1_95' title='bbox 440 1239 498 1282; x_wconf 87' lang='lat' dir='ltr'>et,</span> <span class='ocrx_word' id='word_1_96' title='bbox 516 1245 706 1287; x_wconf 88' lang='lat' dir='ltr'>quorum</span> <span class='ocrx_word' id='word_1_97' title='bbox 726 1233 846 1275; x_wconf 80' lang='lat' dir='ltr'>Graii</span> <span class='ocrx_word' id='word_1_98' title='bbox 862 1227 1115 1275; x_wconf 64' lang='lat' dir='ltr'>&#39;meminere</span> <span class='ocrx_word' id='word_1_99' title='bbox 1130 1233 1296 1286; x_wconf 69' lang='lat' dir='ltr'>poetae,</span> 
     </span>
    </p>

    <p class='ocr_par' dir='ltr' id='par_1_7' title="bbox 197 1302 1248 1357">
     <span class='ocr_line' id='line_1_15' title="bbox 197 1302 1248 1357; baseline 0.002 -14"><span class='ocrx_word' id='word_1_100' title='bbox 197 1308 235 1343; x_wconf 82' lang='lat' dir='ltr'><strong>M</strong></span> <span class='ocrx_word' id='word_1_101' title='bbox 242 1306 343 1345; x_wconf 80' lang='lat' dir='ltr'>artis</span> <span class='ocrx_word' id='word_1_102' title='bbox 358 1305 457 1357; x_wconf 85' lang='lat' dir='ltr'>equi</span> <span class='ocrx_word' id='word_1_103' title='bbox 475 1304 656 1357; x_wconf 80' lang='lat' dir='ltr'>bijuges,</span> <span class='ocrx_word' id='word_1_104' title='bbox 676 1307 719 1345; x_wconf 89' lang='lat' dir='ltr'>et</span> <span class='ocrx_word' id='word_1_105' title='bbox 731 1303 880 1354; x_wconf 79' lang='lat' dir='ltr'>magni</span> <span class='ocrx_word' id='word_1_106' title='bbox 898 1314 1052 1344; x_wconf 85' lang='lat' dir='ltr'>currus</span> <span class='ocrx_word' id='word_1_107' title='bbox 1074 1302 1248 1345; x_wconf 82' lang='lat' dir='ltr'>Achilli.</span> 
     </span>
    </p>

    <p class='ocr_par' dir='ltr' id='par_1_8' title="bbox 197 1369 1250 1564">
     <span class='ocr_line' id='line_1_16' title="bbox 197 1369 1197 1428; baseline 0 -15"><span class='ocrx_word' id='word_1_108' title='bbox 197 1373 310 1414; x_wconf 83' lang='lat' dir='ltr'>Talis</span> <span class='ocrx_word' id='word_1_109' title='bbox 331 1379 371 1415; x_wconf 90' lang='lat' dir='ltr'>et</span> <span class='ocrx_word' id='word_1_110' title='bbox 387 1372 642 1428; x_wconf 81' lang='lat' dir='ltr'>ipsejuham</span> <span class='ocrx_word' id='word_1_111' title='bbox 663 1372 835 1415; x_wconf 78' lang='lat' dir='ltr'>cervice</span> <span class='ocrx_word' id='word_1_112' title='bbox 856 1369 1019 1413; x_wconf 75' lang='lat' dir='ltr'>effudit</span> <span class='ocrx_word' id='word_1_113' title='bbox 1036 1371 1197 1423; x_wconf 83' lang='lat' dir='ltr'>equina</span> 
     </span>
     <span class='ocr_line' id='line_1_17' title="bbox 198 1440 1250 1496; baseline 0.002 -15"><span class='ocrx_word' id='word_1_114' title='bbox 198 1443 402 1494; x_wconf 76' lang='lat' dir='ltr'>conjugis</span> <span class='ocrx_word' id='word_1_115' title='bbox 418 1441 613 1484; x_wconf 78' lang='lat' dir='ltr'>adventu</span> <span class='ocrx_word' id='word_1_116' title='bbox 631 1441 787 1496; x_wconf 79' lang='lat' dir='ltr'>pernix</span> <span class='ocrx_word' id='word_1_117' title='bbox 801 1444 1015 1482; x_wconf 83' lang='lat' dir='ltr'>Saturnus</span> <span class='ocrx_word' id='word_1_118' title='bbox 1029 1456 1038 1488; x_wconf 91' lang='lat'><strong>;</strong></span> <span class='ocrx_word' id='word_1_119' title='bbox 1054 1446 1099 1484; x_wconf 82' lang='lat' dir='ltr'>et</span> <span class='ocrx_word' id='word_1_120' title='bbox 1113 1440 1250 1484; x_wconf 79' lang='lat' dir='ltr'>altum</span> 
     </span>
     <span class='ocr_line' id='line_1_18' title="bbox 200 1510 1121 1564; baseline 0.002 -13"><span class='ocrx_word' id='word_1_121' title='bbox 200 1511 356 1554; x_wconf 80' lang='lat' dir='ltr'>Pelion</span> <span class='ocrx_word' id='word_1_122' title='bbox 379 1510 744 1564; x_wconf 58' lang='lat' dir='ltr'>hinnitu‘fugiens</span> <span class='ocrx_word' id='word_1_123' title='bbox 761 1511 961 1564; x_wconf 89' lang='lat' dir='ltr'>implevit</span> <span class='ocrx_word' id='word_1_124' title='bbox 976 1514 1121 1554; x_wconf 84' lang='lat' dir='ltr'>acuto.</span> 
     </span>
    </p>

    <p class='ocr_par' dir='ltr' id='par_1_9' title="bbox 195 1580 1512 2055">
     <span class='ocr_line' id='line_1_19' title="bbox 252 1580 1512 1635; baseline 0 -14"><span class='ocrx_word' id='word_1_125' title='bbox 252 1584 384 1623; x_wconf 86' lang='lat' dir='ltr'>Hunc</span> <span class='ocrx_word' id='word_1_126' title='bbox 396 1592 584 1635; x_wconf 85' lang='lat' dir='ltr'>quoque,</span> <span class='ocrx_word' id='word_1_127' title='bbox 601 1581 679 1622; x_wconf 84' lang='lat' dir='ltr'>ubi</span> <span class='ocrx_word' id='word_1_128' title='bbox 699 1584 772 1622; x_wconf 85' lang='lat' dir='ltr'>aut</span> <span class='ocrx_word' id='word_1_129' title='bbox 784 1580 938 1622; x_wconf 84' lang='lat' dir='ltr'>morbo</span> <span class='ocrx_word' id='word_1_130' title='bbox 959 1582 1119 1633; x_wconf 80' lang='lat' dir='ltr'>gravis,</span> <span class='ocrx_word' id='word_1_131' title='bbox 1139 1583 1214 1622; x_wconf 81' lang='lat' dir='ltr'>aut</span> <span class='ocrx_word' id='word_1_132' title='bbox 1226 1581 1318 1631; x_wconf 85' lang='lat' dir='ltr'>jam</span> <span class='ocrx_word' id='word_1_133' title='bbox 1335 1582 1512 1633; x_wconf 82' lang='lat' dir='ltr'>segnior</span> 
     </span>
     <span class='ocr_line' id='line_1_20' title="bbox 198 1647 1506 1705; baseline 0.001 -14"><span class='ocrx_word' id='word_1_134' title='bbox 198 1650 363 1697; x_wconf 81' lang='lat' dir='ltr'>Deficit.</span> <span class='ocrx_word' id='word_1_135' title='bbox 386 1651 497 1694; x_wconf 72' lang='lat' dir='ltr'>abde</span> <span class='ocrx_word' id='word_1_136' title='bbox 513 1651 647 1694; x_wconf 85' lang='lat' dir='ltr'>domo</span> <span class='ocrx_word' id='word_1_137' title='bbox 661 1665 671 1698; x_wconf 86' lang='lat'>;</span> <span class='ocrx_word' id='word_1_138' title='bbox 689 1662 774 1693; x_wconf 89' lang='lat' dir='ltr'>nec</span> <span class='ocrx_word' id='word_1_139' title='bbox 790 1652 907 1705; x_wconf 81' lang='lat' dir='ltr'>turpi</span> <span class='ocrx_word' id='word_1_140' title='bbox 918 1652 1098 1703; x_wconf 75' lang='lat' dir='ltr'>ignosce</span> <span class='ocrx_word' id='word_1_141' title='bbox 1114 1657 1300 1693; x_wconf 64' lang='lat' dir='ltr'>senectae</span> <span class='ocrx_word' id='word_1_142' title='bbox 1311 1681 1321 1690; x_wconf 86' lang='lat'><strong>.</strong></span> <span class='ocrx_word' id='word_1_143' title='bbox 1347 1647 1506 1705; x_wconf 80' lang='lat' dir='ltr'>[annis.</span> 
     </span>
     <span class='ocr_line' id='line_1_21' title="bbox 195 1719 1379 1773; baseline 0.002 -14"><span class='ocrx_word' id='word_1_144' title='bbox 195 1719 394 1773; x_wconf 80' lang='lat' dir='ltr'>Frigidus</span> <span class='ocrx_word' id='word_1_145' title='bbox 410 1721 455 1763; x_wconf 82' lang='lat' dir='ltr'>in</span> <span class='ocrx_word' id='word_1_146' title='bbox 476 1722 689 1763; x_wconf 80' lang='lat' dir='ltr'>Venerem</span> <span class='ocrx_word' id='word_1_147' title='bbox 715 1722 877 1770; x_wconf 85' lang='lat' dir='ltr'>senior,</span> <span class='ocrx_word' id='word_1_148' title='bbox 910 1721 1157 1773; x_wconf 82' lang='lat' dir='ltr'>frustraque</span> <span class='ocrx_word' id='word_1_149' title='bbox 1180 1719 1379 1762; x_wconf 83' lang='lat' dir='ltr'>laborem</span> 
     </span>
     <span class='ocr_line' id='line_1_22' title="bbox 198 1789 1476 1844; baseline 0 -13"><span class='ocrx_word' id='word_1_150' title='bbox 198 1794 424 1842; x_wconf 78' lang='lat' dir='ltr'>ingratum</span> <span class='ocrx_word' id='word_1_151' title='bbox 450 1790 608 1840; x_wconf 77' lang='lat' dir='ltr'>trahit3</span> <span class='ocrx_word' id='word_1_152' title='bbox 630 1794 686 1837; x_wconf 87' lang='lat' dir='ltr'>et,</span> <span class='ocrx_word' id='word_1_153' title='bbox 704 1792 738 1831; x_wconf 86' lang='lat' dir='ltr'>si</span> <span class='ocrx_word' id='word_1_154' title='bbox 756 1791 935 1844; x_wconf 79' lang='lat' dir='ltr'>quando</span> <span class='ocrx_word' id='word_1_155' title='bbox 956 1789 1012 1831; x_wconf 84' lang='lat' dir='ltr'>ad</span> <span class='ocrx_word' id='word_1_156' title='bbox 1029 1790 1176 1844; x_wconf 79' lang='lat' dir='ltr'>praelia</span> <span class='ocrx_word' id='word_1_157' title='bbox 1195 1793 1378 1832; x_wconf 83' lang='lat' dir='ltr'>ventum</span> <span class='ocrx_word' id='word_1_158' title='bbox 1400 1797 1476 1837; x_wconf 85' lang='lat' dir='ltr'>est,</span> 
     </span>
     <span class='ocr_line' id='line_1_23' title="bbox 199 1859 1402 1915; baseline 0.003 -17"><span class='ocrx_word' id='word_1_159' title='bbox 199 1862 253 1901; x_wconf 89' lang='lat' dir='ltr'>Ut</span> <span class='ocrx_word' id='word_1_160' title='bbox 274 1859 498 1913; x_wconf 80' lang='lat' dir='ltr'>quondam</span> <span class='ocrx_word' id='word_1_161' title='bbox 515 1861 562 1901; x_wconf 87' lang='lat' dir='ltr'>in</span> <span class='ocrx_word' id='word_1_162' title='bbox 579 1861 750 1915; x_wconf 77' lang='lat' dir='ltr'>stipulis</span> <span class='ocrx_word' id='word_1_163' title='bbox 770 1872 958 1913; x_wconf 82' lang='lat' dir='ltr'>magnus</span> <span class='ocrx_word' id='word_1_164' title='bbox 974 1860 1067 1902; x_wconf 84' lang='lat' dir='ltr'>sine</span> <span class='ocrx_word' id='word_1_165' title='bbox 1084 1860 1249 1903; x_wconf 87' lang='lat' dir='ltr'>viribus</span> <span class='ocrx_word' id='word_1_166' title='bbox 1267 1861 1402 1913; x_wconf 82' lang='lat' dir='ltr'>ignis,</span> 
     </span>
     <span class='ocr_line' id='line_1_24' title="bbox 198 1930 1340 1984; baseline 0.001 -13"><span class='ocrx_word' id='word_1_167' title='bbox 198 1934 426 1972; x_wconf 76' lang='lat' dir='ltr'>Incassum</span> <span class='ocrx_word' id='word_1_168' title='bbox 445 1930 699 1983; x_wconf 58' lang='lat' dir='ltr'>furium-go</span> <span class='ocrx_word' id='word_1_169' title='bbox 720 1932 889 1972; x_wconf 78' lang='lat' dir='ltr'>animos</span> <span class='ocrx_word' id='word_1_170' title='bbox 911 1941 1144 1984; x_wconf 65' lang='lat' dir='ltr'>aevumque</span> <span class='ocrx_word' id='word_1_171' title='bbox 1164 1932 1340 1974; x_wconf 79' lang='lat' dir='ltr'>notabis</span> 
     </span>
     <span class='ocr_line' id='line_1_25' title="bbox 199 2001 1397 2055; baseline 0.001 -14"><span class='ocrx_word' id='word_1_172' title='bbox 199 2002 429 2054; x_wconf 62' lang='lat' dir='ltr'>Praecipue</span> <span class='ocrx_word' id='word_1_173' title='bbox 447 2017 456 2041; x_wconf 91' lang='lat'>:</span> <span class='ocrx_word' id='word_1_174' title='bbox 475 2001 580 2042; x_wconf 86' lang='lat' dir='ltr'>hinc</span> <span class='ocrx_word' id='word_1_175' title='bbox 597 2001 702 2042; x_wconf 80' lang='lat' dir='ltr'>alias</span> <span class='ocrx_word' id='word_1_176' title='bbox 719 2006 848 2051; x_wconf 80' lang='lat' dir='ltr'>artes,</span> <span class='ocrx_word' id='word_1_177' title='bbox 869 2001 1129 2054; x_wconf 81' lang='lat' dir='ltr'>prolemque</span> <span class='ocrx_word' id='word_1_178' title='bbox 1146 2005 1397 2055; x_wconf 80' lang='lat' dir='ltr'>parentum.</span> 
     </span>
    </p>

    <p class='ocr_par' dir='ltr' id='par_1_10' title="bbox 200 2069 1379 2262">
     <span class='ocr_line' id='line_1_26' title="bbox 200 2069 1300 2123; baseline -0.001 -13"><span class='ocrx_word' id='word_1_179' title='bbox 200 2072 255 2111; x_wconf 90' lang='lat' dir='ltr'>Et</span> <span class='ocrx_word' id='word_1_180' title='bbox 269 2070 363 2122; x_wconf 82' lang='lat' dir='ltr'>quis</span> <span class='ocrx_word' id='word_1_181' title='bbox 381 2072 539 2123; x_wconf 82' lang='lat' dir='ltr'>cuique</span> <span class='ocrx_word' id='word_1_182' title='bbox 559 2070 685 2111; x_wconf 83' lang='lat' dir='ltr'>dolor</span> <span class='ocrx_word' id='word_1_183' title='bbox 700 2070 833 2117; x_wconf 84' lang='lat' dir='ltr'>victo,</span> <span class='ocrx_word' id='word_1_184' title='bbox 855 2079 952 2123; x_wconf 81' lang='lat' dir='ltr'>quae</span> <span class='ocrx_word' id='word_1_185' title='bbox 969 2069 1109 2122; x_wconf 79' lang='lat' dir='ltr'>gloria</span> <span class='ocrx_word' id='word_1_186' title='bbox 1127 2070 1300 2122; x_wconf 78' lang='lat' dir='ltr'>palmae.</span> 
     </span>
     <span class='ocr_line' id='line_1_27' title="bbox 202 2138 1379 2194; baseline 0.003 -16"><span class='ocrx_word' id='word_1_187' title='bbox 202 2141 361 2180; x_wconf 82' lang='lat' dir='ltr'>Nonne</span> <span class='ocrx_word' id='word_1_188' title='bbox 380 2138 514 2190; x_wconf 79' lang='lat' dir='ltr'>vides,</span> <span class='ocrx_word' id='word_1_189' title='bbox 533 2150 670 2192; x_wconf 82' lang='lat' dir='ltr'>quum</span> <span class='ocrx_word' id='word_1_190' title='bbox 687 2138 897 2192; x_wconf 72' lang='lat' dir='ltr'>praecipiti</span> <span class='ocrx_word' id='word_1_191' title='bbox 914 2139 1155 2181; x_wconf 78' lang='lat' dir='ltr'>certamine</span> <span class='ocrx_word' id='word_1_192' title='bbox 1172 2151 1379 2194; x_wconf 82' lang='lat' dir='ltr'>campum</span> 
     </span>
     <span class='ocr_line' id='line_1_28' title="bbox 202 2206 1247 2262; baseline 0.001 -14"><span class='ocrx_word' id='word_1_193' title='bbox 202 2208 475 2261; x_wconf 82' lang='lat' dir='ltr'>Corripuere,</span> <span class='ocrx_word' id='word_1_194' title='bbox 494 2211 718 2262; x_wconf 85' lang='lat' dir='ltr'>ruuntque</span> <span class='ocrx_word' id='word_1_195' title='bbox 734 2206 860 2250; x_wconf 79' lang='lat' dir='ltr'>effusi</span> <span class='ocrx_word' id='word_1_196' title='bbox 873 2218 1051 2252; x_wconf 76' lang='lat' dir='ltr'>carcere</span> <span class='ocrx_word' id='word_1_197' title='bbox 1067 2221 1225 2252; x_wconf 85' lang='lat' dir='ltr'>currus</span> <span class='ocrx_word' id='word_1_198' title='bbox 1238 2242 1247 2258; x_wconf 90' lang='lat'>,</span> 
     </span>
    </p>

    <p class='ocr_par' dir='ltr' id='par_1_11' title="bbox 200 2278 1457 2401">
     <span class='ocr_line' id='line_1_29' title="bbox 200 2278 1457 2333; baseline 0.004 -15"><span class='ocrx_word' id='word_1_199' title='bbox 200 2280 348 2327; x_wconf 83' lang='lat' dir='ltr'>Quum</span> <span class='ocrx_word' id='word_1_200' title='bbox 365 2289 463 2332; x_wconf 82' lang='lat' dir='ltr'>spes</span> <span class='ocrx_word' id='word_1_201' title='bbox 482 2278 669 2320; x_wconf 60' lang='lat' dir='ltr'>adrectae</span> <span class='ocrx_word' id='word_1_202' title='bbox 684 2281 916 2329; x_wconf 87' lang='lat' dir='ltr'>juvenum,</span> <span class='ocrx_word' id='word_1_203' title='bbox 941 2280 1289 2333; x_wconf 77' lang='lat' dir='ltr'>exsultantiaque</span> <span class='ocrx_word' id='word_1_204' title='bbox 1309 2279 1457 2323; x_wconf 81' lang='lat' dir='ltr'>haurit</span> 
     </span>
     <span class='ocr_line' id='line_1_30' title="bbox 204 2346 1349 2401; baseline 0.005 -15"><span class='ocrx_word' id='word_1_205' title='bbox 204 2347 345 2389; x_wconf 79' lang='lat' dir='ltr'>Corda</span> <span class='ocrx_word' id='word_1_206' title='bbox 363 2359 498 2401; x_wconf 83' lang='lat' dir='ltr'>pavor</span> <span class='ocrx_word' id='word_1_207' title='bbox 517 2348 723 2401; x_wconf 75' lang='lat' dir='ltr'>pulsans?</span> <span class='ocrx_word' id='word_1_208' title='bbox 747 2347 805 2388; x_wconf 85' lang='lat' dir='ltr'>illi</span> <span class='ocrx_word' id='word_1_209' title='bbox 822 2346 987 2389; x_wconf 75' lang='lat' dir='ltr'>instant</span> <span class='ocrx_word' id='word_1_210' title='bbox 1001 2349 1187 2392; x_wconf 80' lang='lat' dir='ltr'>verbere</span> <span class='ocrx_word' id='word_1_211' title='bbox 1207 2354 1349 2397; x_wconf 80' lang='lat' dir='ltr'>torto,</span> 
     </span>
    </p>

    <p class='ocr_par' dir='ltr' id='par_1_12' title="bbox 201 2416 1194 2470">
     <span class='ocr_line' id='line_1_31' title="bbox 201 2416 1194 2470; baseline 0.003 -12"><span class='ocrx_word' id='word_1_212' title='bbox 201 2420 254 2458; x_wconf 64' lang='lat'>135„</span> <span class='ocrx_word' id='word_1_213' title='bbox 274 2419 399 2470; x_wconf 79' lang='lat' dir='ltr'>proni</span> <span class='ocrx_word' id='word_1_214' title='bbox 421 2417 526 2460; x_wconf 72' lang='lat' dir='ltr'>(lant</span> <span class='ocrx_word' id='word_1_215' title='bbox 551 2418 667 2465; x_wconf 65' lang='lat' dir='ltr'>loz-(13</span> <span class='ocrx_word' id='word_1_216' title='bbox 687 2418 803 2460; x_wconf 81' lang='lat' dir='ltr'>volat</span> <span class='ocrx_word' id='word_1_217' title='bbox 823 2417 863 2458; x_wconf 84' lang='lat' dir='ltr'>vi</span> <span class='ocrx_word' id='word_1_218' title='bbox 890 2416 1086 2461; x_wconf 75' lang='lat' dir='ltr'>fervidus</span> <span class='ocrx_word' id='word_1_219' title='bbox 1106 2418 1194 2461; x_wconf 58' lang='grc' dir='ltr'>ταῖς</span> 
     </span>
    </p>
   </div>
  </div>
 </body>
</html>
