1917 2942
264 350 341 389 1095
791 348 956 386 LIBER
987 349 1038 386 11.
1494 353 1565 390 179

262 439 427 482 Janua,
450 438 494 477 et
510 435 644 478 emoti
660 433 960 489 procumbunt
977 432 1157 476 cardine
1172 436 1334 488 postes.
1353 453 1395 461 a

264 504 333 543 Fit
348 502 421 545 via
436 504 481 545 vi
502 519 512 543 ι
533 503 748 557 rumpunt
761 501 906 544 aditus
925 533 934 549 ‚
954 503 1210 556 primosque
1227 502 1453 546 trucidant

268 573 453 614 immissi
475 573 639 624 Danai,
660 574 704 614 et
723 572 808 614 late
828 573 926 614 loca
945 572 1087 614 milite
1104 574 1345 625 complent.

273 645 366 683 Non
383 642 467 686 sic.
486 642 718 694 aggeribus
735 642 877 696 ruptis
892 653 1031 695 quum
1050 650 1257 695 spumeus
1277 642 1418 684 amnis

274 713 405 759 Exiit,
429 712 739 767 oppositasque
758 712 891 755 evicit
904 712 1075 765 gurgite
1089 713 1226 755 moles
1240 742 1250 758 ‚

270 782 426 822 Fertur
446 780 492 821 in
514 791 617 822 arva
635 780 784 821 furens
814 781 1016 828 cumulo,
1039 791 1308 835 camposque
1328 793 1405 835 per
1425 793 1578 824 omnes

267 854 377 892 Cum
399 851 578 893 stabulis
598 853 797 893 armenta
814 851 962 893 trahit.
983 850 1079 891 Vidi
1092 852 1186 905 ipse
1200 848 1421 894 furentem

267 919 395 962 Caede
411 921 748 975 Neoptolemum
761 951 772 972 ‚
794 920 1082 973 geminosque
1101 922 1146 961 in
1164 921 1319 963 limine
1337 921 1526 963 Atridas.

271 989 369 1030 Vidi
379 991 619 1037 Hecubam,
633 993 900 1043 centumque
911 1001 1062 1035 nurus,
1075 989 1389 1043 Priamumque
1399 1002 1477 1045 per
1488 1003 1582 1033 aras

267 1061 489 1112 Sanguine
507 1059 770 1106 foedantem,
790 1071 901 1113 quos
917 1061 1010 1113 ipse
1026 1063 1276 1103 sacraverat
1293 1092 1301 1107 ,
1322 1062 1462 1114 ignes.

268 1128 597 1181 Quinquaginta
615 1129 677 1169 illi
695 1128 893 1174 thalami,
916 1139 1014 1181 spes
1036 1131 1156 1170 tanta
1171 1132 1409 1182 nepotum,

269 1197 509 1240 Barbarico
529 1200 674 1250 postes
695 1209 801 1239 auro
822 1198 1060 1251 spoliisque
1078 1199 1279 1251 superbi,

271 1267 565 1309 Procubuere.
584 1270 756 1310 Tenent
776 1267 940 1313 Danai,
964 1278 1051 1319 qua
1064 1266 1214 1309 deficit
1232 1267 1360 1320 ignis.

323 1336 526 1377 Forsitan
542 1338 587 1376 et
604 1368 613 1384 ‚
634 1335 795 1377 Priami
814 1334 980 1377 suerint
1001 1347 1097 1388 quae
1113 1334 1224 1383 fata,
1246 1337 1460 1390 requiras.

273 1406 400 1447 Urbis
419 1407 482 1447 uti
502 1410 642 1459 capta>
658 1417 810 1448 casum
828 1439 836 1454 ‚
860 1407 1159 1459 convulsaque
1187 1405 1298 1448 vidit

272 1475 442 1516 Limina
458 1477 675 1517 tectorum
688 1506 697 1522 ,
721 1477 765 1517 et
783 1473 983 1517 medium
1003 1474 1049 1516 in
1064 1475 1363 1528 penetralibus
1383 1474 1575 1522 hostem.

276 1550 409 1587 Arma
426 1544 501 1586 diu
517 1546 664 1586 senior
678 1545 859 1587 desueta
880 1544 1170 1587 trementibus
1190 1555 1285 1587 aevo

274 1612 530 1656 circumdat
545 1613 844 1666 nequidquam
865 1612 1086 1661 humeris,
1107 1616 1151 1655 et
1167 1614 1325 1655 inutile
1344 1614 1509 1657 ferrum

276 1684 492 1735 Cingitur,
514 1693 565 1725 ac
584 1682 743 1725 densos
767 1681 906 1725 fertur
918 1684 1161 1724 moriturus
1179 1684 1227 1724 in
1241 1683 1406 1726 hostes.

331 1748 508 1794 AEdibus
527 1752 574 1793 in
594 1752 774 1799 mediis,
798 1751 1011 1805 nudoque
1026 1751 1105 1793 sub
1125 1752 1299 1794 aetheris
1315 1763 1391 1795 axe
1407 1785 1417 1800 ,

279 1823 439 1873 Ingens
457 1832 532 1862 ara
547 1819 630 1861 fuit
644 1853 652 1868 ‚
664 1823 875 1874 juxtaque
894 1820 1129 1862 veterrima
1145 1822 1294 1863 laurus

280 1891 545 1933 incumbens
561 1902 645 1932 arae
660 1921 670 1938 .
692 1894 823 1944 atque
841 1891 1002 1933 umbra
1018 1891 1244 1945 complexa
1259 1894 1460 1934 Penates.

279 1960 362 2004 Hic
382 1959 564 2003 Hecuba
584 1962 628 2002 et
645 1962 759 2001 natae
777 1958 1078 2013 nequidquam
1096 1959 1251 2002 altaria
1270 1962 1439 2004 circum
1460 1993 1468 2006 ,

281 2030 533 2084 Praecipites
553 2032 646 2071 atra
665 2041 746 2072 ceu
769 2031 1027 2083 tempestate
1044 2030 1260 2072 columber,
1279 2062 1288 2078 ,

279 2100 535 2147 condensae,
558 2103 602 2141 et
621 2098 774 2141 divum
791 2099 999 2153 amplexae
1016 2099 1260 2146 simulacra,
1289 2100 1517 2143 sedebant.

282 2175 431 2226 Ipsum
451 2175 597 2214 autem
615 2172 768 2213 sumtis
786 2172 1012 2214 Priamum
1023 2172 1305 2224 juvenalibus
1320 2174 1452 2215 armis

287 2246 343 2284 Ut
368 2243 481 2285 vidit
501 2259 511 2283 ε
532 2258 547 2279 α
566 2246 673 2293 Quae
689 2253 814 2284 mens
837 2245 925 2283 tam
942 2241 1058 2288 dira,
1078 2242 1323 2286 miserrime
1339 2245 1522 2296 conjux.

285 2313 467 2368 Impulit
479 2312 546 2354 his
560 2313 677 2365 cingi
702 2312 826 2353 telis?
848 2316 921 2354 aut
940 2322 1030 2365 quo
1052 2313 1171 2354 ruis?
1190 2313 1348 2367 inquit.

289 2385 388 2425 Non
409 2383 484 2425 tali
500 2382 686 2432 auxilio,
710 2393 795 2425 nec
814 2379 1118 2425 defensoribus
1135 2385 1224 2426 istis

286 2456 474 2507 Tempus
489 2455 610 2507 egen
634 2463 748 2499 non.
767 2453 801 2494 si
820 2453 912 2507 ipse
928 2459 1055 2497 meus
1083 2466 1203 2497 nnuc
1223 2452 1395 2497 adforet
1418 2456 1596 2497 Hector.
