1917 2942
321 367 373 406 42
818 369 1116 408 BUCOLICA.

315 452 490 505 Thyrsis
510 463 635 498 oves,
656 452 862 504 Corydon
882 453 1094 495 distentas
1108 455 1222 495 laete
1239 453 1448 506 capelias;

318 521 462 564 Ambo
482 520 689 563 florentes
710 522 925 570 aetatibus,
944 522 1137 564 Arcades
1155 522 1309 571 ambo;

317 593 371 632 Et
389 593 566 634 cantare
585 602 711 646 pares
731 624 740 640 ,
761 594 804 633 et
817 593 1082 645 respondere
1102 592 1256 646 parali.

319 665 417 704 Huc
433 659 562 712 mihi,
586 660 692 702 dum
710 662 879 703 teneras
898 658 1088 703 defendo
1106 673 1130 702 a
1147 660 1307 713 frigore
1322 662 1490 712 myrtos
1509 690 1516 703 .

318 732 396 772 Vir
419 730 565 782 gregis
583 728 676 782 ipse
698 740 830 783 caper
847 728 1149 777 deerraverat;
1173 733 1301 782 atque
1321 740 1402 782 ego
1421 727 1624 782 Daphnin

325 799 553 854 Adspicio.
573 799 649 840 Ille
664 799 739 840 uhi
760 811 829 841 me
850 801 1005 841 contra
1019 798 1141 841 videt
1160 815 1168 838 ι
1194 799 1322 840 Ocius
1343 830 1350 846 ‚
1375 798 1541 850 inquit,

317 872 414 910 Huc
435 868 561 915 ades,
582 879 607 910 o
637 868 834 910 Melibcee
855 884 864 907 ι
885 879 1017 920 caper
1039 868 1119 909 tihi
1140 868 1282 910 salvus
1305 900 1313 916 ,
1339 870 1381 909 et
1401 865 1513 908 liaedi
1533 882 1542 912 ;

315 941 368 977 Et
387 968 396 986 ,
417 938 450 978 si
473 936 576 990 quid
592 948 759 979 cessare
775 939 923 991 potes,
951 939 1179 991 requiesce
1197 938 1278 979 sub
1299 936 1452 977 umbra
1474 953 1483 976 :

312 1010 412 1048 Huc
427 1007 510 1060 ipsi
528 1008 687 1058 potum
704 1007 880 1048 venient
897 1018 975 1060 per
995 1014 1120 1060 prata
1133 1006 1310 1057 juvenci
1327 1022 1337 1053 ;

312 1078 397 1119 Hie
415 1076 573 1119 virides
595 1081 745 1118 tenera
765 1076 963 1130 praetexit
977 1074 1194 1117 arundine
1212 1074 1326 1127 ripas

315 1146 525 1194 Mincius,
545 1157 657 1198 eque
674 1156 796 1187 sacra
815 1149 1023 1186 resonant
1037 1143 1236 1185 examina
1249 1153 1432 1194 quercu.

312 1214 427 1265 Quid
447 1214 653 1257 Facerem?
664 1225 807 1266 neque
818 1223 900 1265 ego
915 1211 1148 1266 Alcippen,
1167 1221 1251 1252 nec
1265 1209 1480 1262 Phyllida,
1493 1209 1624 1251 hal-›e-

314 1283 530 1337 Depulsos
552 1295 576 1324 a
600 1283 714 1324 lacte
733 1281 852 1324 domi
873 1291 970 1334 quae
990 1280 1213 1323 clauderet
1236 1289 1371 1330 agnos
1390 1295 1400 1318 ι
1478 1279 1622 1329 [ham.

313 1356 365 1393 Et
383 1359 608 1395 certamen
624 1355 739 1399 erat,
759 1350 964 1403 Corydon
983 1360 1086 1390 cum
1097 1348 1321 1400 Thyrside,
1340 1358 1566 1401 magnum.

315 1423 553 1465 Posthabui
567 1425 718 1463 tamen
732 1420 911 1462 illorum
932 1430 1030 1460 mea
1048 1417 1160 1460 seria
1175 1416 1294 1458 ludo.

315 1492 507 1534 Alternis
526 1491 661 1543 igitur
679 1488 951 1531 contendere
970 1486 1166 1529 versibus
1186 1486 1318 1526 ambo

310 1566 491 1618 Coepere
510 1578 519 1602 x
537 1562 727 1603 alternos
745 1562 874 1600 Musae
896 1556 1144 1600 meminisse
1156 1554 1379 1596 volebant.

312 1635 403 1674 Hos
419 1630 626 1683 Corydon
645 1663 654 1679 ,
673 1630 769 1671 illos
785 1627 1000 1671 referebat
1017 1626 1062 1665 in
1079 1624 1233 1665 ordine
1252 1622 1445 1675 Thyrsis.

856 1704 1078 1739 convnoN.

311 1769 531 1822 Nymphae
549 1801 558 1816 ‚
577 1769 727 1809 noster
746 1776 886 1811 amor,
904 1761 1192 1808 Libethrides,
1216 1763 1290 1801 aut
1303 1758 1409 1800 mihi
1426 1770 1621 1805 carmen,

311 1838 448 1889 Quale
463 1849 565 1879 meo
586 1837 752 1882 Codro,
775 1833 1008 1879 concedite
1027 1848 1036 1880 ς
1053 1831 1254 1885 proxima
1272 1829 1427 1871 Phcchi

310 1909 513 1951 Versibus
536 1909 609 1950 ille
624 1907 728 1949 iacit
746 1922 756 1946 ε
778 1908 853 1947 aut
875 1937 883 1952 ,
903 1903 938 1946 si
955 1913 1046 1944 non
1063 1910 1296 1956 possumus
1312 1909 1464 1941 omnes
1483 1931 1489 1945 ‚

311 1979 394 2021 Hic
413 1980 570 2031 arguta
587 1988 710 2019 sacra
729 1974 942 2029 pendebit
957 1970 1095 2013 fistula
1114 1971 1239 2023 pinu.

867 2052 1063 2085 Tnvnffls.

308 2121 510 2160 Pastores
528 2148 534 2162 .
554 2115 714 2159 hedera
736 2114 1007 2156 crescentem
1025 2112 1180 2152 ornate
1201 2109 1404 2163 poetam,

310 2187 523 2235 Arcades,
547 2185 714 2228 invidia
733 2185 1004 2238 rumpantur
1020 2183 1071 2222 ut
1090 2180 1165 2220 ilia
1181 2177 1325 2220 Codro
1344 2190 1353 2212 τ

312 2259 416 2311 Aut,
438 2256 474 2298 si
485 2256 600 2297 ultra
620 2254 831 2307 placitum
851 2250 1067 2297 laudarit,
1091 2251 1273 2292 baccare
1292 2247 1489 2290 frontem

307 2328 503 2381 Cingite,
522 2336 579 2366 ne
596 2324 684 2365 vati
702 2323 861 2365 noceat
880 2321 995 2362 mala
1010 2319 1161 2372 lingua
1178 2317 1343 2359 futuro.

851 2399 1073 2434 conmori.

305 2468 454 2509 Saetosi
478 2467 610 2519 caput
637 2463 721 2506 hoc
739 2462 833 2516 apri
850 2460 947 2509 tibi,
969 2459 1093 2502 Delia
1109 2492 1115 2507 ,
1133 2470 1295 2512 parvus
