1917 2942
287 308 339 347 69
802 311 963 350 LlssEu
994 312 1079 351 Vn.
1501 318 1575 357 523

289 394 345 434 Hi
361 394 549 435 Soractis
562 392 725 436 habent
742 405 863 437 arces
882 396 1162 451 Flaviniaque
1178 410 1292 445 arva,

290 463 344 503 Et
361 463 520 504 Cimini
535 474 636 505 cum
655 465 805 506 monte
819 465 966 507 lacum
986 464 1194 520 lucosque
1208 470 1424 523 Capenos.

287 533 588 586 Ibant-aequati
600 544 785 575 numero
799 566 809 582 ‚
827 546 1061 588 regemque
1077 538 1293 579 canebant
1313 553 1322 579 ε

288 605 377 643 Ceu
397 601 623 654 quondam
643 603 759 645 nivei
777 604 943 657 liquida
957 604 1073 647 inter
1088 605 1237 646 nubila
1253 606 1382 658 cycni
1398 640 1406 654 .

287 673 430 720 Quum
449 682 542 714 sese
561 674 720 725 epastu
736 671 958 733 referunt„
981 679 1023 715 et
1042 674 1175 727 longa
1189 686 1374 718 canoros

289 742 405 781 Dant
420 752 499 794 per
514 741 629 783 eolla
644 740 824 789 m0d0s3
847 743 974 783 sonat
989 744 1152 791 amnis,
1175 748 1220 786 et
1234 746 1335 787 Asia
1349 747 1480 798 longe

288 810 418 852 Pulsa
433 811 572 865 palus.

288 883 377 923 Nec
397 882 626 934 quisquam
642 885 794 924 aeratas
813 881 924 925 acies
943 893 993 924 ex
1010 883 1182 937 agmine
1202 886 1325 927 tanto

286 951 458 993 Misceri
476 954 626 1005 putet:
645 952 809 994 aeriam
828 952 905 995 sed
923 954 1095 1006 gurgite
1113 955 1166 996 ab
1183 957 1272 997 alto

288 1024 438 1074 Urgeri
457 1023 688 1066 volucrum
708 1035 942 1066 raucarum
957 1024 1011 1065 ad
1030 1026 1159 1068 litora
1175 1025 1355 1069 nubem.

335 1094 449 1135 Ecce
465 1123 475 1141 ,
497 1093 754 1134 Sabinorum
773 1093 918 1146 priseo
935 1092 988 1135 (le
1008 1096 1223 1147 sanguine
1238 1126 1248 1144 ‚
1272 1106 1483 1148 magnum

286 1164 455 1213 Agmeu
472 1172 606 1214 agens
622 1164 800 1204 Clausus
820 1195 829 1211 ,
846 1163 1079 1215 magnique
1098 1162 1189 1218 ipse
1206 1165 1388 1217 agminis
1402 1167 1554 1213 instar.

285 1230 465 1273 Claudia
484 1243 604 1274 nunc
620 1243 644 1272 a
663 1243 751 1285 quo
772 1230 1052 1280 diffunditur,
1079 1236 1123 1274 et
1137 1234 1290 1282 tribus,
1312 1238 1356 1277 et
1372 1246 1479 1288 gens

285 1304 367 1344 Per
386 1302 557 1343 Latium
572 1333 582 1353 ‚
599 1306 832 1355 postquam
854 1302 900 1342 in
917 1303 1085 1355 partem
1107 1302 1206 1344 data
1223 1306 1364 1346 Roma
1382 1304 1564 1347 Sabinis.

285 1374 378 1414 Una
392 1373 546 1424 ingens
570 1373 797 1414 Amiterna
814 1372 970 1415 cohors
986 1405 995 1420 ‚
1014 1373 1233 1426 priscique
1247 1375 1437 1425 Quirites
1451 1407 1467 1422 r

282 1441 401 1483 Ereti
420 1453 576 1484 manus
596 1442 740 1484 omnis
757 1472 766 1488 ‚
788 1441 1085 1496 oliviferaeque
1104 1445 1313 1485 Mutuscae
1332 1459 1343 1492 ;

284 1511 366 1560 Qui
390 1513 657 1553 Nomentum
677 1511 845 1569 urbem,
870 1512 945 1565 qui
960 1522 1085 1554 rosea
1100 1523 1205 1554 rura
1218 1514 1356 1556 Velini
1371 1544 1382 1565 ‚

283 1582 365 1631 Qui
387 1581 570 1623 Tetricae
585 1580 819 1624 horrentes
839 1591 970 1636 rupes
989 1612 1001 1629 ,
1019 1585 1303 1634 montemque
1322 1587 1551 1629 Severum.

284 1651 618 1703 Casperiamque
635 1650 802 1699 colunt,
823 1650 1110 1704 Forulosque,
1124 1652 1168 1693 et
1187 1649 1351 1695 flumen
1366 1652 1588 1699 Himella=;,

284 1722 367 1771 Qui
386 1720 596 1772 Thybrim
616 1720 904 1773 Fabarimque
928 1720 1099 1767 bibunt,
1123 1732 1234 1774 quos
1250 1720 1405 1772 frigida
1419 1722 1539 1763 misit

283 1791 439 1834 Nursia
453 1816 470 1842 ,-
484 1796 528 1832 et
549 1791 745 1832 Hortinae
761 1791 917 1833 classes
936 1822 945 1837 ‚
962 1790 1200 1845 populi-que
1222 1790 1388 1840 Latini;

281 1863 487 1913 Quosque
500 1870 650 1903 secans
668 1858 909 1901 iufaustum
930 1858 1126 1900 interluit
1147 1859 1262 1900 Allia
1282 1870 1445 1903 nomen
1468 1876 1484 1899 2

281 1933 420 1980 Quam
441 1928 567 1971 multi
587 1929 748 1981 Libyco
764 1929 1000 1970 volvuntur
1018 1938 1237 1970 marmore
1255 1927 1429 1977 fluctus,

282 2004 425 2042 Saevus
442 2000 517 2041 ubl.
541 2000 680 2041 Orion
695 2000 892 2042 hibernis
908 2000 1116 2042 conditur
1134 1998 1263 2048 undis
1277 2031 1287 2048 .

283 2071 360 2112 Vel
376 2081 506 2123 quam
524 2070 613 2112 sole
632 2080 751 2111 novo
770 2069 917 2112 densae
935 2070 1160 2111 torrentur
1174 2069 1317 2111 aristae
1340 2101 1349 2117 ,

281 2142 368 2180 Aut
384 2139 536 2181 Hermi
553 2149 733 2192 campo,
752 2142 826 2180 aut
842 2138 984 2191 Lyclae
1005 2136 1264 2180 flaventibus
1281 2138 1413 2181 arvis,

279 2213 411 2252 Scuta
427 2212 588 2252 sonant
605 2209 816 2263 pulsuque
832 2209 994 2263 pedum
1012 2209 1251 2251 conterrita
1282 2209 1437 2251 tellus..

333 2281 447 2323 I-Iinc
465 2281 867 2333 Agamemnonius,
889 2280 1065 2332 Trojani
1086 2280 1277 2323 nominis
1297 2281 1434 2323 hostis
1452 2310 1459 2328 ,

281 2356 426 2393 curru.
441 2352 586 2405 Jungit
603 2351 796 2395 Halaesus
817 2363 974 2405 equos,
996 2355 1234 2405 Turnoque
1252 2352 1431 2395 seroces

284 2423 402 2466 Mille
422 2424 534 2476 rapit
553 2424 738 2480 populos
758 2439 766 2464 2
788 2424 970 2466 vertunt
984 2422 1129 2466 felicia
1153 2422 1323 2467 Bacche
