1917 2942
378 351 456 390 hah
904 353 990 391 AEN
998 352 1091 392 EID
1099 353 1165 391 OS
1610 354 1682 394 880

376 439 470 478 I-Ios
491 437 671 480 inimica
690 448 822 490 super
838 438 974 479 mixto
987 438 1150 490 premit
1168 439 1341 490 agmine
1360 438 1512 488 turha3

373 509 463 549 Nec
482 506 690 549 miseram
709 504 929 559 effugiunt
946 510 1158 554 mortem,
1182 507 1258 549 sed
1277 506 1431 550 limine
1449 509 1493 549 in
1511 510 1633 563 ipso,

373 578 592 619 Mcenibus
612 579 658 618 in
682 578 854 631 patriis,
877 579 1010 630 atque
1029 577 1146 620 inter
1166 580 1260 620 tuta
1279 578 1529 624 domorum.

372 648 542 690 Coniixi
557 649 782 701 exspirant
800 649 984 690 animas.
1004 650 1112 689 Pars
1131 647 1337 691 claudere
1356 653 1506 703 portas
1522 666 1532 694 t

375 720 467 760 Nec
486 717 619 759 sociis
640 717 813 771 aperire
832 717 951 758 viam
968 747 978 767 ‚
999 728 1085 759 nec
1104 718 1326 759 moenihus
1349 718 1516 760 audent

374 787 596 840 Adcipere
615 790 792 829 orantes
806 819 815 834 ‚
838 787 1070 839 oriturque
1098 785 1344 828 miserrima
1364 787 1507 829 caedes

373 855 703 899 Defendenturn
721 856 853 896 armis
872 854 1016 896 aditus
1031 884 1042 905 ‚
1062 854 1197 908 inque
1216 866 1338 896 arma
1359 861 1585 899 ruentum.

367 925 567 972 Exclusi,
599 929 702 967 aute
721 927 873 967 oculos
892 926 1307 978 lacrymantumque
1332 935 1409 967 ora
1421 929 1677 979 parentum.

371 997 481 1037 Pars
501 996 548 1036 in
568 995 818 1049 praecipites
837 993 997 1042 fossas,
1023 997 1210 1045 urgente
1230 995 1358 1035 ruina
1378 1025 1387 1041 ,

370 1067 576 1107 Volvitur
593 1080 602 1113 ;
622 1066 828 1107 immissis
848 1076 947 1119 pars
968 1075 1084 1107 caeca
1105 1069 1148 1106 et
1169 1065 1347 1106 concita
1367 1062 1502 1106 frenis

370 1137 543 1178 Arietat
561 1137 605 1176 in
623 1139 773 1189 portas
790 1138 835 1178 et
854 1135 987 1177 duros
1008 1135 1150 1187 objice
1165 1137 1330 1187 postes.

369 1209 480 1259 Ipsae
502 1206 556 1248 de
574 1206 711 1247 muris
730 1216 906 1246 summo
924 1206 1169 1247 certamine
1189 1207 1353 1246 matres

372 1277 388 1325 (
405 1279 619 1317 Monstrat
639 1286 764 1317 amor
778 1285 909 1316 verus
933 1275 1114 1327 patriae)
1135 1276 1186 1314 ut
1205 1273 1356 1316 videre
1377 1272 1604 1314 Camillam
1620 1303 1631 1323 ⁷

370 1345 473 1387 Tela
494 1355 628 1386 manu
651 1344 834 1398 trepidae
849 1345 1045 1395 jaciunt;
1067 1355 1118 1386 ac
1138 1343 1299 1385 robore
1322 1341 1437 1383 duro

371 1413 598 1467 Stipiiibus
620 1412 786 1454 ferrum
802 1412 1071 1465 sudibusque
1084 1412 1316 1453 imitantur
1331 1411 1499 1453 obustis

372 1483 629 1535 Praecipites
645 1514 656 1532 ,
677 1482 922 1534 primaeque
937 1479 1052 1520 mori
1072 1489 1154 1532 pro
1174 1479 1393 1520 moenibus
1412 1478 1584 1520 ardent.

427 1555 604 1594 Interea
621 1556 821 1593 Turnum
839 1550 885 1591 in
914 1550 1035 1591 silvis
1052 1549 1318 1591 saevissimus
1337 1547 1495 1602 implet

369 1622 561 1664 Nuntius
579 1651 588 1667 ‚
607 1623 652 1661 et
666 1620 821 1671 juveni
839 1619 1068 1669 ingentem
1086 1616 1171 1660 fert
1192 1621 1307 1659 Acca
1327 1615 1569 1658 tumultum
1588 1631 1598 1654 ι

370 1692 545 1739 Deletas
564 1691 824 1732 Volscorum
841 1688 978 1736 acies,
1001 1686 1210 1729 cecidisse
1226 1687 1455 1728 Camillam
1467 1716 1481 1733 ,

372 1764 588 1813 Ingruere
609 1759 802 1802 infensos
819 1759 990 1806 hostes,
1015 1762 1057 1799 et
1082 1760 1215 1799 Marte
1234 1756 1429 1799 secundo

375 1830 534 1872 Omnia
549 1830 817 1883 corripuisse
833 1843 842 1875 ς
862 1828 1135 1878 metumjam
1152 1825 1206 1867 acl
1230 1825 1392 1866 munna
1412 1824 1533 1866 ferri.

374 1903 452 1943 lile
473 1900 619 1942 Furens
642 1902 658 1950 (ζ
677 1902 720 1942 et
738 1909 854 1940 saeva
870 1898 994 1940 ,Iovis
1017 1897 1080 1939 sic
1101 1896 1284 1937 numina
1303 1895 1525 1949 poscunt)

374 1971 547 2017 Deserit
562 1969 759 2011 obsessos
779 1967 931 2015 colles,
952 1976 1140 2007 nemora
1157 1975 1311 2018 aspera
1331 1963 1507 2015 linquit.

376 2042 458 2081 Vix
474 2052 496 2083 e
516 2042 760 2093 conspectu
782 2038 968 2082 exierat,
994 2046 1288 2089 campumque
1311 2033 1510 2079 tenebat,

376 2114 525 2160 Quum
546 2112 671 2164 pater
690 2113 844 2151 AEneas
858 2139 868 2155 ‚
888 2108 1023 2149 saltus
1039 2107 1260 2160 ingressus
1279 2106 1453 2159 apertos
1468 2136 1477 2152 ,

373 2180 874 2234 Exsuperatquejugum
891 2208 900 2225 ,
920 2177 1119 2228 silvaque
1139 2173 1286 2218 evadit
1301 2184 1453 2227 opaca.

373 2252 444 2293 Sic
465 2251 596 2292 ambo
612 2249 668 2291 ad
682 2259 834 2290 muros
853 2247 1001 2300 rapidi
1022 2249 1201 2299 lotoque
1224 2243 1429 2287 feruntur

373 2322 589 2375 Agmine,
619 2332 705 2363 nec
723 2319 865 2372 longis
879 2318 999 2360 inter
1014 2328 1059 2359 se
1078 2316 1277 2369 passibus
1294 2313 1450 2355 absunt
1465 2328 1475 2360 ;

374 2397 438 2435 Ac
456 2392 586 2434 simul
610 2393 767 2435 AEneas
783 2389 1002 2431 fumantes
1022 2385 1207 2441 pulvere
1230 2393 1410 2436 campos

372 2461 605 2516 Pius-pexit
627 2459 776 2513 longe,
799 2457 1122 2510 Laurentiaque
1142 2453 1318 2508 agmina
1338 2452 1475 2496 vidit:
