1917 2942
237 344 285 383 96
743 343 905 381 LIBER
939 344 1031 381 Vll.
1458 344 1538 382 505

289 445 306 467 «
325 431 388 472 Ne
409 434 505 482 pete
525 428 754 470 connubiis
774 416 919 469 natam
940 429 1109 471 sociare
1126 428 1304 473 Latinis.

237 504 271 540 Ο
291 509 387 540 mea
402 498 652 552 progenies,
674 497 874 539 thalamis
892 508 980 540 neu
999 498 1130 541 crede
1152 500 1339 551 paratis;

236 567 413 609 Externi
430 568 618 609 veniunt
635 567 802 618 generi,
824 567 896 619 qui
913 568 1127 620 sanguine
1144 570 1345 609 nostrum

236 638 405 678 Nomen
422 636 469 677 in
489 638 607 677 astra
626 634 786 683 ferent,
811 646 1091 690 quorumque
1111 637 1165 678 ab
1183 638 1317 690 stirpe
1335 640 1517 690 nepotes

239 705 396 746 Omnia
409 706 487 746 sub
501 704 702 759 pedibus,
724 717 809 757 qua
827 706 892 746 sol
914 709 1152 759 utrumque
1171 716 1403 747 recurrens

240 773 439 828 Adspicit
455 777 698 821 Oceanum,
722 775 925 827 vertique
943 775 1125 828 regique
1145 774 1378 816 videbunt.
1396 790 1413 812 »

295 844 399 884 Haec
421 852 632 897 responsa
649 843 788 895 patris
809 842 961 889 Fauni,
983 842 1268 895 monitusque
1284 843 1430 885 silenti

240 913 375 952 Nocte
393 909 533 959 datos,
553 920 644 951 non
662 910 755 964 ipse
769 921 848 952 suo
864 910 1030 963 premit
1048 920 1126 952 ore
1146 910 1331 951 Latinus
1353 927 1363 950 :

241 980 321 1022 Sed
347 980 514 1023 circum
530 979 617 1021 late
632 979 823 1021 volitans
832 980 924 1029 jam
948 982 1080 1021 Fama
1102 990 1180 1033 per
1195 979 1324 1023 urbes

243 1050 455 1091 Ausonias
474 1049 661 1097 tulerat,
683 1061 819 1102 quum
844 1048 1160 1091 Laomedontia
1180 1049 1319 1102 pubes

244 1118 483 1160 Gramineo
503 1117 536 1159 ri
544 1129 608 1169 pae
628 1118 830 1171 religavit
846 1118 898 1159 ab
917 1129 1076 1171 aggere
1095 1117 1291 1159 classem.

295 1189 448 1228 AEneas
470 1220 478 1232 ,
500 1186 721 1240 primique
739 1187 895 1232 duces,
919 1188 965 1239 et
983 1186 1171 1239 pulcher
1192 1186 1314 1227 lilius
1333 1217 1342 1232 ‚

247 1261 446 1311 Corpora
465 1258 546 1298 sub
562 1257 694 1297 ramis
712 1256 941 1310 deponunt
957 1257 1126 1298 arboris
1144 1255 1268 1304 allae;

246 1327 574 1379 Instituuntque
594 1324 751 1379 dapes,
775 1328 818 1368 et
836 1324 998 1368 adorea
1019 1325 1108 1366 liba
1128 1336 1206 1375 per
1218 1324 1400 1367 herbam

247 1396 492 1448 subjiciunt
515 1394 653 1449 epulis
684 1396 772 1444 (sic
789 1395 994 1450 Juppiter
1011 1396 1104 1449 ipse
1120 1396 1330 1437 monebat
1350 1400 1381 1448 )‚

248 1467 303 1505 Et
321 1466 496 1506 Cereale
516 1463 662 1506 solum
677 1465 821 1518 pomis
838 1464 1080 1516 agrestibus
1100 1467 1280 1517 augent.

250 1533 501 1575 Consumtis
520 1532 593 1574 hic
609 1532 720 1576 forte
740 1534 847 1579 aliis,
863 1535 914 1574 ut
935 1536 1104 1575 vertere
1126 1543 1296 1574 morsus

250 1602 464 1654 Exiguam
480 1602 526 1642 in
544 1605 749 1644 Cererem
765 1601 950 1656 penuria
971 1601 1119 1654 adegit
1139 1600 1321 1651 edendi,

251 1674 306 1711 Et
324 1671 488 1713 violare
506 1681 640 1712 manu
660 1671 872 1723 malisque
890 1670 1127 1712 audacibus
1144 1671 1300 1713 orbem

255 1740 412 1782 Fatalis
430 1741 588 1791 crusti,
608 1741 767 1795 patulis
788 1751 870 1783 nec
889 1751 1068 1794 parcere
1085 1739 1266 1793 quadris
1287 1756 1297 1779 :

257 1825 272 1847 ιι
293 1812 436 1852 Heus!
455 1811 586 1853 etiam
602 1823 774 1853 mensas
794 1810 1126 1854 consumimus?
1148 1825 1163 1848 »
1184 1810 1330 1864 inquit
1347 1810 1481 1852 Iulus.

258 1883 348 1923 Nec
363 1881 491 1934 plura
511 1880 739 1923 adludens.
759 1886 820 1922 Ea
835 1891 920 1922 vox
949 1880 1098 1922 audita
1110 1880 1312 1921 laborum

258 1951 404 1992 Prima
426 1950 526 1993 tulit
545 1949 676 1991 finem
691 1982 701 1999 ,
719 1951 994 2003 primamque
1010 1949 1228 2003 loquentis
1249 1951 1303 1992 ab
1325 1962 1401 1994 ore

256 2019 431 2072 Eripuit
445 2024 585 2072 pater,
606 2030 657 2061 ac
674 2017 941 2072 stupefactus
957 2020 1142 2060 numine
1157 2019 1328 2071 pressit.

308 2091 555 2132 Continuo:
577 2106 591 2127 α
611 2090 733 2133 Salve
751 2090 847 2131 tatis
869 2090 977 2130 mihi
993 2089 1139 2132 debita
1166 2089 1321 2131 tellus!

260 2161 449 2212 Vosque,
466 2159 526 2201 ait
542 2191 552 2210 ‚
573 2169 599 2201 o
616 2155 691 2200 fidi
706 2160 866 2211 'ri-ojae,
880 2160 1271 2208 salvete,Penates.

262 2230 342 2272 I-Iic
357 2229 512 2272 domus
524 2262 534 2278 ,
554 2229 648 2272 haec
661 2231 800 2284 patria
818 2233 897 2271 est.
914 2230 1101 2273 Genitor
1115 2229 1223 2271 mihi
1241 2229 1341 2272 talia
1353 2261 1364 2282 ,
1379 2241 1567 2284 namque

262 2302 294 2339 N
302 2310 390 2342 unc
404 2302 586 2353 repeto,
611 2299 822 2342 Anchises
844 2298 1034 2341 fatorum
1052 2311 1212 2342 arcana
1228 2300 1407 2353 reliquit
1429 2315 1437 2340 :

267 2384 282 2405 «ι
303 2372 448 2420 Quum
471 2375 514 2413 te
534 2401 543 2417 .
566 2373 669 2413 nate
684 2402 694 2417 ‚
715 2369 848 2413 fames
866 2370 1018 2424 ignota
1037 2370 1093 2412 ad
1109 2370 1241 2413 litora
1257 2375 1435 2414 vectum

265 2439 431 2482 Adcisis
446 2442 573 2494 coget
586 2439 771 2495 dapibus
783 2451 1042 2484 consumere
1063 2450 1253 2487 mensam
