1917 2942
399 327 477 365 532
926 321 1011 360 AEN
1022 322 1183 361 EIDOS
1657 324 1706 362 74

399 415 498 462 Quo
519 412 560 451 te
580 417 756 460 cunque
774 406 894 449 lacus
911 437 921 457 ‚
938 407 1221 448 miserantem
1236 406 1522 450 incommoda
1534 410 1683 449 nostra
1698 439 1707 453 ,

401 483 542 522 Fonte
563 481 709 526 tenet,
728 486 996 530 quocunque
1016 476 1109 517 solo
1129 475 1456 530 pulcherrimus
1473 479 1588 524 exis:

399 554 583 604 Semper
599 548 770 590 honore
787 556 885 588 meo
899 576 909 592 ‚
927 555 1100 599 semper
1114 546 1391 590 celebrabere
1411 547 1560 594 donis.

402 620 622 673 Corniger
643 616 937 671 Hesperidum
957 615 1116 658 fluvius
1137 619 1346 670 regnator
1362 629 1592 671 aquarum.

400 691 529 732 Adsis
551 700 578 730 o
602 691 773 729 tantum
787 717 797 736 ‚
814 690 859 729 et
875 686 1058 740 propius
1074 690 1147 727 tua
1166 690 1350 728 numina
1367 686 1527 730 firmes.
1544 704 1560 724 ι

452 760 525 802 Sic
545 761 782 807 memorat,
802 757 1089 809 geminasque
1108 756 1215 807 legit
1230 756 1285 798 de
1301 759 1437 799 classe
1456 757 1667 805 biremes,

395 829 686 883 Remigioque
702 830 845 882 aptat3
863 827 1006 868 socios
1026 825 1156 869 simul
1171 826 1353 868 instruit
1368 828 1514 870 armis.

398 905 516 945 Ecce
537 904 699 943 autem.
720 897 914 939 subitum
930 898 1062 949 atque
1074 895 1212 938 oculis
1224 897 1422 939 mirabile
1445 900 1709 944 monstrum,

400 969 598 1013 Candida
614 979 692 1023 per
711 967 865 1008 silvam
886 977 989 1008 cum
1008 964 1098 1007 fetu
1123 966 1335 1008 concolor
1353 967 1452 1008 albo

401 1037 650 1081 Procubuit
667 1067 676 1083 ‚
692 1033 910 1086 viridique
931 1034 978 1074 in
1007 1033 1140 1076 litore
1161 1034 1431 1087 conspicitur
1455 1046 1557 1077 sus:

401 1112 543 1159 Quam
559 1106 658 1159 pius
674 1107 830 1145 AEneas
852 1102 928 1143 tibi
949 1102 1070 1144 enim
1088 1134 1096 1150 .
1125 1102 1225 1151 tibi,
1252 1101 1444 1145 maxima
1462 1107 1581 1146 Juno
1595 1134 1605 1152 ‚

401 1178 583 1220 Mactal,
604 1182 727 1215 sacra
744 1170 912 1217 serens,
929 1172 974 1211 et
993 1180 1096 1211 cum
1117 1181 1250 1223 grege
1278 1170 1392 1212 sistit
1410 1172 1463 1212 ad
1482 1183 1620 1213 aram.

400 1244 590 1298 Thybris
605 1254 656 1285 ea
675 1238 860 1283 fluvium
878 1273 886 1287 ,
905 1250 1036 1292 quam
1060 1240 1196 1291 longa
1210 1244 1300 1286 est,
1318 1242 1451 1283 nocte
1471 1243 1713 1286 tumentem

400 1316 568 1361 Lenlit,
592 1316 637 1354 et
656 1312 785 1353 tacita
804 1307 995 1351 refluens
1015 1309 1074 1350 ita
1093 1309 1286 1352 substitit
1304 1311 1421 1352 unda
1436 1342 1446 1360 ,

401 1386 515 1429 Mitis
535 1387 583 1425 ut
602 1384 649 1424 in
664 1391 833 1423 rnorem
852 1378 996 1432 stagni
1016 1378 1288 1433 placida-'eque
1306 1379 1478 1434 paludis

401 1457 627 1497 Sterneret
644 1461 795 1503 aequor
815 1450 937 1501 aquis
954 1478 964 1495 ,
985 1459 1108 1490 renio
1129 1454 1177 1489 ut
1196 1450 1418 1491 luctamen
1438 1450 1622 1493 abesset.

405 1531 521 1579 Ergo
541 1526 625 1566 iter
644 1523 872 1575 inceptum
894 1518 1095 1560 celerant
1116 1533 1125 1555 ε
1145 1528 1322 1559 rumore
1343 1519 1539 1560 secundo

403 1595 588 1638 Labitur
609 1592 743 1634 uncta
758 1588 881 1630 vadis
898 1587 1017 1629 abies
1035 1603 1044 1626 ι
1065 1588 1284 1627 mirantur
1305 1590 1349 1627 et
1373 1587 1528 1636 undam

405 1667 591 1709 Miratur
615 1672 769 1704 nemus
788 1660 1013 1700 insuetum
1037 1655 1248 1709 fulgentia
1267 1657 1402 1709 longe

402 1738 534 1778 Scula
551 1731 699 1773 virum
718 1725 871 1776 fluvio,
889 1726 1117 1780 pictasque
1134 1723 1288 1765 innare
1306 1726 1491 1768 carinas.

403 1806 489 1847 Olli
506 1798 695 1853 remigio
711 1800 978 1848 noctemque
1002 1794 1206 1846 diemque
1221 1793 1430 1846 fatigant,

402 1876 458 1913 Et
476 1873 633 1922 longos
653 1868 864 1921 superant
884 1862 1016 1906 flexus
1033 1893 1042 1911 ,
1059 1863 1282 1916 variisque
1299 1865 1508 1916 teguntur

404 1940 648 1985 Arboribus
664 1968 674 1985 ‚
692 1935 942 1988 viridesque
957 1936 1109 1975 secant
1122 1933 1297 1987 placido
1313 1944 1489 1987 {equore
1513 1936 1654 1978 silvas.

404 2014 476 2055 Sol
499 2011 697 2053 medium
715 2006 815 2050 coeli
833 2004 1156 2048 conscenderat
1174 2004 1330 2058 igneus
1347 2005 1500 2047 orbem
1517 2036 1527 2054 ‚

408 2086 557 2134 Quum
577 2088 728 2122 muros
749 2084 986 2128 arcemque
1006 2073 1162 2128 procul
1181 2085 1229 2114 ac
1246 2086 1345 2116 rara
1364 2076 1601 2118 domorum

402 2156 537 2194 Tecta
552 2149 727 2195 vident3
742 2156 839 2199 quae
858 2154 981 2186 nunc
996 2145 1195 2185 Romana
1209 2144 1407 2196 potentia
1422 2145 1534 2187 coelo

410 2220 640 2275 AEquavit;
664 2221 756 2257 turn
776 2226 844 2256 res
864 2214 1021 2268 inopes
1040 2212 1269 2254 Evandrus
1287 2212 1492 2256 habebat.

405 2296 553 2344 ocyus
570 2288 810 2330 advertunt
827 2294 980 2338 proras
997 2313 1006 2330 ,
1028 2282 1216 2335 urbique
1237 2284 1555 2337 propinquant.

461 2363 588 2402 Forte
607 2357 677 2399 die
696 2356 940 2398 soleinnem
953 2352 1031 2394 illo
1045 2363 1121 2394 rex
1135 2356 1267 2395 Arcas
1288 2351 1503 2395 honorem

407 2426 816 2485 Amphitryoniadae
832 2434 993 2477 magno
1014 2422 1213 2475 divisque
1241 2421 1407 2465 serebat
