1917 2942
388 324 464 363 590
908 324 1169 363 AENEIDOS
1614 326 1690 364 216

386 411 421 448 N
425 407 625 458 octivago
642 405 805 449 Phoehe
820 407 1015 449 medium
1032 407 1235 463 pulsabat
1247 408 1484 462 Olympum
1504 424 1514 447 :

387 480 545 518 AEneas
565 479 728 529 (neque
744 477 862 518 enim
879 478 1087 519 membris
1107 477 1182 520 dat
1199 491 1252 521 eu
1260 489 1307 519 ra
1322 479 1533 536 quietem)

385 549 482 599 Ipse
501 545 657 587 sedens
674 545 937 597 clavumque
956 547 1085 599 regit,
1106 547 1306 600 velisque
1326 547 1561 588 ministrat.

384 617 529 668 Atque
544 615 606 657 illi
628 615 775 657 medio
793 617 838 656 in
854 617 997 670 spatio
1013 616 1172 659 chorus
1194 627 1295 659 ecce
1316 627 1495 658 suarum

383 685 592 726 Occurrit
607 685 820 727 comitum
842 698 851 722 z
874 686 1103 739 Nymphae,
1124 698 1231 739 quas
1247 686 1362 728 alma
1375 685 1537 738 Cybele

384 759 555 796 Numen
575 753 736 797 habere
754 756 900 802 maris,
922 756 1235 809 Nymphasque
1252 767 1275 798 e
1291 756 1477 797 navibus
1496 766 1589 796 esse

385 828 598 873 Jusserat,
616 826 834 867 innabant
852 826 1033 878 pariter,
1053 823 1296 879 fluctusque
1310 825 1533 871 secabant,

382 896 500 943 Quot
520 894 641 947 prius
658 897 801 935 aeratae
820 896 1036 936 steterant
1051 893 1107 934 ad
1120 895 1250 937 litora
1269 904 1426 947 prorae.

385 960 674 1013 Adgnoscunt
693 962 821 1013 longe
835 973 1000 1016 regem,
1018 964 1294 1017 lustrantque
1313 963 1509 1010 choreis:

384 1034 597 1080 Quarum,
616 1043 712 1085 quae
732 1032 853 1073 fandi
873 1032 1137 1081 doctissima,
1157 1034 1434 1086 Cymodocea

383 1103 508 1143 Pone
526 1112 712 1155 sequens
731 1101 885 1144 dextra
907 1104 1092 1157 puppim
1114 1106 1247 1147 tenet,
1264 1104 1443 1156 ipsaque
1463 1102 1595 1144 dorso

384 1170 572 1217 Eminet,
591 1180 640 1212 ac
658 1170 769 1213 laeva
788 1171 928 1213 tacitis
942 1172 1214 1223 subremigat
1231 1171 1379 1213 undis.

384 1243 495 1280 Tum
514 1240 577 1281 sic
594 1240 796 1291 ignarum
813 1239 1093 1293 adloquitur:
1117 1257 1132 1277 α
1152 1242 1389 1293 vigilasne,
1423 1240 1555 1282 desim
1571 1249 1690 1291 gens,

383 1309 550 1350 AEnea?
569 1308 718 1360 vigila,
741 1312 784 1352 et
797 1310 906 1352 velis
920 1311 1110 1352 immitte
1128 1310 1350 1352 rudentes.

383 1383 468 1421 Nos
483 1391 633 1422 sumus
654 1379 780 1421 ldaeae
797 1390 923 1422 sacro
939 1381 993 1423 de
1007 1380 1171 1424 vertice
1189 1382 1334 1435 pinus,

384 1451 515 1490 Nunc
533 1449 675 1503 pelagi
690 1449 917 1503 Nymphae,
940 1450 1086 1492 classis
1101 1455 1187 1492 tua.
1210 1448 1407 1493 Perfidus
1423 1453 1471 1492 ut
1491 1459 1572 1495 nos

381 1518 632 1572 Praecipites
651 1517 769 1559 ferro
787 1519 976 1560 Rutulus
1000 1518 1258 1571 flammaque
1278 1519 1517 1572 premebat,

382 1587 595 1640 Rupimus
613 1587 764 1629 invitae
782 1592 855 1630 tua
873 1588 1067 1640 vlncula,
1089 1592 1217 1643 teque
1233 1600 1313 1641 per
1334 1600 1484 1642 aequor

384 1657 646 1707 Quaerimus.
665 1659 791 1697 I-Ianc
812 1658 1002 1709 genitrix
1023 1656 1179 1699 faciem
1194 1659 1399 1699 miserata
1418 1656 1587 1703 refecit.

380 1729 435 1769 Et
454 1726 575 1768 dedit
596 1738 690 1769 esse
710 1726 826 1771 deas.
846 1738 1077 1780 aevumque
1094 1727 1259 1779 agitare
1277 1728 1357 1769 sub
1374 1727 1520 1768 undis.

382 1800 440 1838 At
453 1808 564 1850 puer
581 1798 794 1839 Ascanius
811 1808 939 1838 muro
957 1796 1168 1850 tossisque
1183 1800 1374 1844 tenetur.

380 1866 485 1909 Teia
503 1867 777 1909 intermedia
794 1871 925 1920 atque
944 1867 1175 1910 horrentes
1193 1870 1326 1909 Marte
1343 1869 1535 1910 Latinos.

379 1942 480 1979 Jam
497 1937 595 1979 loca
610 1940 728 1990 jussa
743 1941 897 1981 tenent
915 1937 1019 1979 forti
1037 1938 1278 1991 permixtus
1296 1940 1482 1979 Etrusco

383 2012 517 2049 Arcas
537 2019 667 2060 eques
684 2020 694 2044 z
712 2007 875 2049 medias
893 2007 979 2049 illis
996 2018 1219 2061 opponere
1233 2011 1416 2058 turinaS,

380 2080 443 2118 Ne
462 2076 613 2119 castris
628 2078 832 2129 jungant,
852 2079 975 2119 certa
995 2080 1058 2119 est
1075 2076 1292 2119 sententia
1315 2079 1483 2118 Turno.

380 2149 520 2200 Surge
538 2158 630 2200 age,
653 2150 698 2189 et
711 2150 882 2189 Aurora
900 2148 1042 2190 socios
1058 2147 1263 2190 veniente
1277 2148 1430 2188 vocari

382 2218 555 2259 Primus
570 2219 615 2258 in
631 2228 749 2259 arma
762 2219 887 2269 jube3
905 2221 949 2260 et
965 2218 1157 2273 clipeum
1178 2229 1300 2271 cape,
1319 2229 1449 2270 quem
1467 2217 1587 2260 dedit
1602 2219 1692 2273 ipse

381 2287 602 2328 Invictum
618 2286 884 2340 ignipotens,
903 2290 1032 2340 atque
1054 2298 1151 2329 oras
1168 2286 1320 2328 ambiit
1340 2299 1466 2329 auro.

382 2356 581 2398 Crastina
599 2357 688 2406 lux,
707 2366 801 2397 mea
819 2357 852 2399 si
873 2366 966 2397 non
984 2357 1110 2398 irrita
1131 2355 1246 2399 dieta
1261 2356 1440 2410 putaris,

382 2428 581 2478 ingentes
601 2426 769 2468 Rntulae
786 2426 1002 2481 spectabit
1024 2425 1151 2468 caedis
1172 2437 1366 2469 acervos.
1391 2444 1405 2463 n
