1917 2942
360 330 385 367 2
396 332 402 367 l
415 332 438 370 Ο
887 332 1145 372 AENEIDOS
1590 336 1668 376 535

360 420 471 457 Nam
486 424 630 469 neque
651 418 777 458 erant
793 417 1011 458 astrorum
1030 418 1173 469 ignes,
1196 428 1279 460 nec
1294 418 1465 462 lucidus
1483 419 1616 462 aethra

360 486 534 528 Siderea
556 485 708 540 polus;
728 486 916 529 obscuro
930 487 1003 529 sed
1023 487 1175 529 nubila
1192 488 1327 537 coelo;

360 557 414 595 Et
429 554 581 595 lunam
598 554 645 594 in
665 555 817 596 nimbo
836 566 923 596 nox
941 558 1200 609 intempesta
1213 558 1405 600 tenebat.

414 626 594 666 Postera
607 627 787 678 jamque
803 625 894 670 dies
910 627 1054 680 primo
1073 628 1278 680 surgebat
1297 632 1404 676 Eoo.

362 695 721 748 Humentemque
741 698 912 737 Aurora
931 697 1036 749 polo
1052 697 1301 740 dimoverat
1312 698 1516 742 umbram
1532 717 1541 748 3

360 765 507 812 Quum
524 764 669 805 subito
686 775 709 805 e
728 764 867 812 silvis.
889 766 1030 808 macie
1046 766 1247 809 confecta
1262 780 1482 820 suprema,

359 836 503 885 Ignoti
522 846 637 877 nova
655 835 791 877 forma
810 837 907 882 viri,
927 837 1260 891 miserandaque
1278 839 1420 887 cultu,

360 903 581 952 Procedit,
603 905 876 959 supplexque
891 917 1047 948 manus
1068 906 1123 948 ad
1141 907 1269 949 litora
1285 908 1442 951 tendit.

363 975 665 1027 Respicmius:
694 975 789 1016 dira
808 974 995 1022 illuvies,
1015 978 1296 1030 immissaque
1311 978 1461 1026 barba,

361 1045 623 1085 consertum
645 1048 851 1097 tegumen
871 1045 1007 1099 spinis
1031 1061 1040 1083 :
1064 1047 1107 1086 at
1126 1049 1271 1089 cetera
1290 1048 1460 1094 Graius,

361 1116 414 1153 Et
433 1114 658 1165 quondam
677 1116 829 1167 patriis
848 1115 903 1156 ad
922 1116 1098 1166 'l‘rojam
1114 1116 1268 1158 missus
1288 1117 1332 1157 in
1351 1118 1499 1159 armis.

361 1185 489 1235 Isque
499 1183 574 1224 ubi
590 1185 835 1226 Dardanios
851 1184 1022 1226 habitus
1043 1187 1086 1228 et
1106 1188 1234 1227 Troia
1249 1184 1359 1227 vidit

362 1257 496 1293 Arma
514 1254 689 1303 procul,
712 1254 898 1307 paulum
918 1254 1125 1306 adspectu
1146 1257 1412 1298 conterritus
1427 1256 1567 1304 haesit‚

360 1323 674 1376 Continuitque
693 1323 904 1375 gradum3
923 1335 1025 1365 mox
1040 1336 1133 1368 sese
1148 1325 1200 1366 ad
1223 1325 1353 1367 litora
1374 1338 1569 1382 praeceps

360 1392 472 1431 Cum
489 1390 593 1432 fletu
614 1393 905 1446 precibusque
925 1394 1029 1434 tulit
1050 1410 1059 1434 ι
1083 1409 1100 1431 ε
1120 1397 1205 1436 Per
1220 1394 1361 1438 sidera
1379 1400 1530 1445 testor,

359 1463 443 1502 Per
462 1472 660 1515 superos.
678 1465 807 1515 atque
826 1461 911 1506 hoc
929 1464 1032 1505 coeli
1051 1464 1261 1518 spirabile
1280 1466 1431 1508 lumen
1449 1497 1460 1518 ,

359 1529 521 1573 Tollite
541 1540 626 1577 me,
645 1533 821 1580 Teucri3
844 1542 1129 1586 quascunque
1147 1533 1351 1577 abducite
1366 1538 1529 1584 terras;

364 1603 457 1642 Hoc
471 1602 538 1643 sat
557 1602 652 1643 erit.
671 1603 771 1644 Scio
789 1613 860 1644 me
876 1602 1038 1643 Danais
1058 1613 1081 1644 e
1098 1603 1307 1645 classibus
1331 1614 1484 1650 unum,

360 1672 415 1710 Et
429 1670 550 1712 bello
565 1671 721 1713 Iliacos
737 1671 877 1714 fateor
895 1672 1068 1724 petiisse
1088 1676 1274 1716 Penates
1292 1689 1301 1712 ι

361 1743 449 1783 Pro
469 1751 570 1793 quo,
588 1741 620 1783 si
639 1741 820 1784 sceleris
843 1744 963 1784 tauta
984 1742 1228 1794 estinjuria
1245 1744 1401 1791 nostri,

359 1812 556 1864 Spargite
572 1822 642 1852 me
660 1813 703 1851 in
725 1809 896 1859 fluctus,
918 1815 1129 1866 vastoque
1144 1814 1394 1866 immergite
1408 1816 1560 1867 ponto.

359 1884 404 1923 Si
419 1894 568 1939 pereo,
586 1884 819 1925 hominum
837 1883 1037 1924 manibus
1052 1884 1232 1938 periisse
1240 1884 1427 1934 juvabit.
1451 1900 1468 1922 »

360 1954 561 2001 Dixerat;
588 1956 632 1995 et
646 1964 790 2006 genua
811 1952 1052 2007 amplexus,
1069 1953 1341 2007 genibusque
1356 1954 1561 1996 volutans

364 2026 395 2061 Η
406 2022 580 2064 aer-ebat.
598 2023 683 2073 Qui
697 2023 768 2067 sit.
787 2023 884 2067 fari.
902 2034 989 2074 quo
1005 2023 1219 2074 sanguine
1234 2028 1396 2071 cretus,

360 2095 601 2136 Hortamur
616 2110 626 2142 ;
644 2104 742 2146 quae
758 2093 919 2136 deinde
936 2094 1072 2146 agitet
1089 2096 1297 2141 Fortuna,
1317 2094 1462 2136 fateri.

360 2165 458 2218 Ipse
481 2166 602 2217 pater
624 2163 823 2205 dextram
844 2163 1071 2210 Anchises,
1096 2162 1211 2204 haud
1228 2164 1363 2205 multa
1380 2166 1588 2210 moratus,

361 2236 447 2275 Dat
461 2234 629 2285 juveni,
657 2238 788 2287 atque
806 2235 1005 2276 animum
1025 2235 1229 2287 praesenti
1248 2235 1434 2287 pignore
1456 2233 1615 2275 firmat.

358 2305 442 2348 Ille
458 2304 566 2352 lucc,
584 2304 781 2359 deposita
799 2304 975 2346 tandem
994 2302 1244 2350 formidine,
1266 2303 1406 2346 fatur:

347 2389 435 2423 W«
457 2378 562 2416 Sum
580 2375 720 2429 patria
737 2386 788 2417 ex
807 2374 973 2420 Ithaca,
996 2385 1143 2418 comes
1162 2374 1352 2418 infelicis
1373 2373 1487 2415 Ulixi
1505 2405 1515 2421 ‚

364 2449 397 2488 N
405 2457 535 2490 omen
553 2445 890 2497 Achemenides,
904 2447 1093 2496 Trojano,
1115 2446 1314 2499 genitore
1329 2444 1567 2487 Adamasto
