1917 2942
208 338 282 379 ΒΗ
719 340 883 379 LIBER
914 341 1008 380 ΧΠ.
1436 344 1513 382 475

206 428 528 478 ‚Iuturnamque
545 428 670 479 parat
685 423 826 467 fratris
842 424 1066 468 dimittere
1084 425 1137 467 ab
1157 428 1303 468 armis.

207 497 424 537 Dicuntur
443 496 629 547 geminae
650 501 793 549 pestes
807 497 1072 548 cognomine
1088 497 1200 539 Dirae
1211 530 1221 549 ,

207 567 323 613 Quas
337 567 381 607 et
398 566 648 606 Tartaream
670 568 763 605 Nox
782 566 1046 620 intempesta
1069 568 1301 620 Megaeram

208 637 303 676 Uno
318 636 561 688 eodemque
579 635 677 676 tulit
692 641 820 689 partu
839 667 847 683 .
871 636 1138 690 paribusque
1161 638 1350 681 revinxit

208 705 469 758 Serpentum
491 705 643 757 spiris,
666 711 961 758 ventosasque
977 703 1147 748 addidit
1165 708 1267 749 alas.

207 776 283 814 Hae
305 774 425 816 Jovis
444 773 497 816 ad
514 774 674 816 solium
691 806 701 824 ‚
724 776 913 827 saevique
928 777 975 816 in
993 775 1147 820 limine
1161 778 1275 831 regis
1291 810 1299 824 .

207 841 434 897 Adparent
451 874 459 888 ,
487 849 743 897 acuuntque
760 847 925 886 metum
943 845 1204 888 mortalibus
1220 847 1346 900 aegris
1365 878 1375 897 ,

208 912 439 965 Siquando
458 912 598 955 letum
612 910 871 956 horrificum
894 914 1159 969 morbosque
1179 915 1310 959 desim
1331 927 1408 958 rex

208 981 397 1029 Molitur‚
416 984 595 1024 meritas
611 988 684 1024 aut
702 982 816 1024 bello
831 984 1005 1026 territat
1025 985 1172 1028 urbes.

207 1052 374 1092 Harum
395 1063 527 1093 unam
548 1051 736 1094 celerem
757 1051 932 1094 demisit
948 1054 1001 1095 ab
1019 1054 1183 1096 aethere
1200 1066 1373 1097 summo

207 1122 424 1173 Juppiter‚
446 1121 580 1174 inque
600 1132 732 1163 omen
751 1125 775 1162 J
781 1126 953 1165 uturnae
970 1134 1204 1167 occurrere
1215 1126 1359 1177 jussit.

207 1189 284 1231 Illa
300 1189 436 1239 volat,
454 1190 672 1243 celerique
688 1190 743 1232 ad
761 1194 925 1233 terram
949 1192 1123 1236 turbine
1140 1194 1281 1237 fertur
1302 1211 1311 1235 :

208 1260 240 1299 N
247 1269 306 1300 on
325 1271 448 1301 secus
467 1291 476 1311 ,
499 1271 549 1302 ac
563 1272 704 1302 nervo
718 1271 799 1313 per
811 1263 977 1304 nubem
997 1263 1184 1317 impulsa
1200 1265 1380 1316 sagitta,

208 1331 432 1370 Armatam
449 1331 552 1371 saevi
573 1330 763 1372 Parthus
781 1342 913 1384 quam
932 1331 1031 1375 selle
1049 1336 1210 1377 veneni
1230 1364 1240 1382 ‚

207 1397 418 1446 Parthus,
437 1399 527 1441 sive
548 1399 706 1452 Cydon
725 1432 734 1448 ,
757 1401 895 1443 telum
911 1402 1232 1446 immedicabile
1250 1435 1260 1454 ,
1289 1406 1444 1450 torsit:

206 1468 399 1510 Stridens
420 1501 427 1514 ‚
452 1471 496 1510 et
510 1469 675 1511 celeres
691 1470 921 1523 incognita
941 1471 1133 1513 transilit
1149 1472 1343 1515 umbras.

206 1538 313 1580 Talis
328 1550 374 1581 se
390 1543 481 1580 sata
500 1541 643 1581 Nocte
663 1540 781 1588 tulit,
802 1542 1025 1593 terrasque
1044 1541 1216 1593 petivit.

257 1609 495 1661 Postquam
512 1608 626 1650 acies
641 1609 760 1649 videt
776 1609 929 1650 Iliacas
947 1615 1078 1662 atque
1095 1611 1271 1663 agmina
1285 1611 1419 1652 Turni
1440 1626 1451 1657 ;

208 1676 332 1717 Alitis
348 1677 392 1717 in
407 1687 553 1731 parvae
568 1676 753 1718 subitam
776 1677 961 1720 collecta
980 1676 1168 1731 figuram
1189 1710 1198 1727 ,

207 1745 309 1794 Quae
330 1745 553 1798 quondam
571 1746 617 1786 in
640 1746 776 1788 bustis
791 1779 800 1796 ,
818 1751 895 1787 aut
915 1747 1184 1790 culminibus
1205 1740 1390 1791 desertis
1406 1781 1417 1796 ,

207 1818 342 1858 Nocte
368 1815 540 1864 sedens,
558 1826 705 1859 serum
722 1816 844 1858 canit
857 1816 1111 1870 importuna
1130 1829 1211 1872 per
1226 1819 1402 1862 umbras
1420 1833 1431 1856 x

209 1887 331 1927 Hanc
341 1897 467 1929 versa
486 1887 532 1927 in
556 1886 713 1928 faciem
729 1917 738 1932 ,
760 1887 897 1927 Turni
916 1897 961 1928 se
979 1888 1114 1941 pestis
1130 1889 1187 1930 ob
1208 1899 1285 1931 ora

208 1957 393 2009 Fertque
414 1955 634 2010 refertque
649 1967 825 2003 sonans,
844 1957 1121 2011 clipeumque
1134 1959 1366 2001 everberat
1380 1960 1419 2002 al
1438 1972 1475 2001 s.

206 2026 269 2067 Illi
289 2027 487 2070 membra
502 2037 643 2068 novus
662 2026 795 2069 solvit
815 2025 1050 2069 formidine
1070 2030 1246 2080 torpor;

209 2095 493 2151 Adi-ectaeque
515 2096 701 2139 horrore
718 2106 880 2143 comte,
902 2097 947 2138 et
969 2106 1049 2137 vox
1071 2094 1269 2139 faucibus
1289 2097 1433 2141 haesit,

210 2168 282 2213 At,
304 2167 459 2222 procul
477 2171 525 2209 ut
544 2167 659 2209 Dirae
681 2166 918 2209 stridorem
933 2166 1146 2219 adgnovit
1161 2170 1204 2210 et
1225 2168 1313 2210 alas
1331 2200 1340 2215 ,

209 2238 359 2281 Infelix
373 2240 515 2282 crines
533 2239 698 2280 scindit
711 2242 734 2279 J
739 2241 902 2280 uturna
925 2237 1090 2279 solutos
1107 2270 1115 2286 ‚

211 2308 432 2359 Unguibus
447 2320 525 2351 ora
539 2320 664 2351 soror
682 2307 850 2350 soedans
867 2339 877 2355 ,
897 2310 941 2349 et
956 2311 1137 2362 pectora
1156 2309 1319 2362 pugnis
1339 2325 1349 2349 ι

211 2391 224 2411 e
244 2379 355 2427 Quid
369 2390 490 2421 nunc
504 2381 546 2421 te
568 2381 663 2426 tua,
685 2381 847 2425 Turne,
868 2381 1013 2430 potest
1030 2389 1236 2431 germana
1252 2379 1409 2430 juvare
1422 2382 1444 2420 i*

211 2448 291 2490 Aut
306 2449 409 2503 quid
423 2451 512 2502 jam
530 2448 649 2491 durae
669 2451 844 2503 superat
860 2447 996 2491 milii?
1012 2459 1098 2504 qua
1117 2449 1193 2492 tibi
1209 2450 1354 2494 lucem

1228 2551 1297 2590 5¹,
