<?xml version="1.0" encoding="UTF-8"?>
<!DOCTYPE html PUBLIC "-//W3C//DTD XHTML 1.0 Transitional//EN"
    "http://www.w3.org/TR/xhtml1/DTD/xhtml1-transitional.dtd">
<html xmlns="http://www.w3.org/1999/xhtml" xml:lang="en" lang="en">
 <head>
  <title>
</title>
<meta http-equiv="Content-Type" content="text/html;charset=utf-8" />
  <meta name='ocr-system' content='tesseract 3.04.00' />
  <meta name='ocr-capabilities' content='ocr_page ocr_carea ocr_par ocr_line ocrx_word'/>
</head>
<body>
  <div class='ocr_page' id='page_1' title='image "./publiivirgiliim01unkngoog/publiivirgiliim01unkngoog_0374.png"; bbox 0 0 1917 2942; ppageno 0'>
   <div class='ocr_carea' id='block_1_1' title="bbox 345 320 1660 2480">
    <p class='ocr_par' dir='ltr' id='par_1_1' title="bbox 345 320 1660 2480">
     <span class='ocr_line' id='line_1_1' title="bbox 363 320 1660 361; baseline 0.002 -2"><span class='ocrx_word' id='word_1_1' title='bbox 363 320 441 359; x_wconf 78' lang='lat'>:372</span> <span class='ocrx_word' id='word_1_2' title='bbox 882 320 1138 358; x_wconf 80' lang='lat' dir='ltr'>AENElDOS</span> <span class='ocrx_word' id='word_1_3' title='bbox 1585 324 1660 361; x_wconf 42' lang='lat'>5⁴17</span> 
     </span>
     <span class='ocr_line' id='line_1_2' title="bbox 363 403 1512 458; baseline 0 -12"><span class='ocrx_word' id='word_1_4' title='bbox 363 407 469 454; x_wconf 80' lang='lat' dir='ltr'>Quae</span> <span class='ocrx_word' id='word_1_5' title='bbox 488 403 644 446; x_wconf 88' lang='lat' dir='ltr'>stravit</span> <span class='ocrx_word' id='word_1_6' title='bbox 658 405 842 446; x_wconf 89' lang='lat' dir='ltr'>Rutulos</span> <span class='ocrx_word' id='word_1_7' title='bbox 862 404 949 446; x_wconf 87' lang='lat' dir='ltr'>late</span> <span class='ocrx_word' id='word_1_8' title='bbox 966 434 978 454; x_wconf 82' lang='lat'>‚</span> <span class='ocrx_word' id='word_1_9' title='bbox 1000 414 1312 458; x_wconf 85' lang='lat' dir='ltr'>armorumque</span> <span class='ocrx_word' id='word_1_10' title='bbox 1330 405 1512 448; x_wconf 87' lang='lat' dir='ltr'>resolvit</span> 
     </span>
     <span class='ocr_line' id='line_1_3' title="bbox 361 472 1458 525; baseline 0.002 -12"><span class='ocrx_word' id='word_1_11' title='bbox 361 473 586 525; x_wconf 77' lang='lat' dir='ltr'>Tegmina.</span> <span class='ocrx_word' id='word_1_12' title='bbox 608 474 643 512; x_wconf 90' lang='lat' dir='ltr'>N</span> <span class='ocrx_word' id='word_1_13' title='bbox 649 482 699 514; x_wconf 88' lang='lat' dir='ltr'>ec</span> <span class='ocrx_word' id='word_1_14' title='bbox 717 475 876 514; x_wconf 86' lang='lat' dir='ltr'>curant</span> <span class='ocrx_word' id='word_1_15' title='bbox 892 483 1010 514; x_wconf 80' lang='lat' dir='ltr'>caeco</span> <span class='ocrx_word' id='word_1_16' title='bbox 1030 472 1300 515; x_wconf 78' lang='lat' dir='ltr'>contendere</span> <span class='ocrx_word' id='word_1_17' title='bbox 1320 476 1458 516; x_wconf 85' lang='lat' dir='ltr'>Marte</span> 
     </span>
     <span class='ocr_line' id='line_1_4' title="bbox 360 542 1378 596; baseline 0.001 -14"><span class='ocrx_word' id='word_1_18' title='bbox 360 542 560 596; x_wconf 77' lang='lat' dir='ltr'><strong>Amplius</strong></span> <span class='ocrx_word' id='word_1_19' title='bbox 579 542 768 584; x_wconf 85' lang='lat' dir='ltr'>audaces</span> <span class='ocrx_word' id='word_1_20' title='bbox 791 542 941 584; x_wconf 83' lang='lat' dir='ltr'>Rutuli</span> <span class='ocrx_word' id='word_1_21' title='bbox 958 572 967 588; x_wconf 86' lang='lat'>‚</span> <span class='ocrx_word' id='word_1_22' title='bbox 988 542 1065 584; x_wconf 88' lang='lat' dir='ltr'>sed</span> <span class='ocrx_word' id='word_1_23' title='bbox 1080 542 1246 595; x_wconf 73' lang='lat' dir='ltr'>pellere</span> <span class='ocrx_word' id='word_1_24' title='bbox 1261 542 1378 584; x_wconf 89' lang='lat' dir='ltr'>vallo</span> 
     </span>
     <span class='ocr_line' id='line_1_5' title="bbox 360 611 805 654; baseline -0.004 -1"><span class='ocrx_word' id='word_1_25' title='bbox 360 611 592 654; x_wconf 81' lang='lat' dir='ltr'>Missilibus</span> <span class='ocrx_word' id='word_1_26' title='bbox 618 615 805 654; x_wconf 87' lang='lat' dir='ltr'>certant.</span> 
     </span>
     <span class='ocr_line' id='line_1_6' title="bbox 359 681 1457 736; baseline 0.004 -15"><span class='ocrx_word' id='word_1_27' title='bbox 359 684 493 725; x_wconf 88' lang='lat' dir='ltr'>Parte</span> <span class='ocrx_word' id='word_1_28' title='bbox 507 682 590 724; x_wconf 89' lang='lat' dir='ltr'>alia</span> <span class='ocrx_word' id='word_1_29' title='bbox 607 681 854 724; x_wconf 86' lang='lat' dir='ltr'>horrendus</span> <span class='ocrx_word' id='word_1_30' title='bbox 868 683 964 724; x_wconf 88' lang='lat' dir='ltr'>visu</span> <span class='ocrx_word' id='word_1_31' title='bbox 981 681 1210 736; x_wconf 80' lang='lat' dir='ltr'>quassabat</span> <span class='ocrx_word' id='word_1_32' title='bbox 1225 685 1457 725; x_wconf 79' lang='lat' dir='ltr'><strong>Etruscam</strong></span> 
     </span>
     <span class='ocr_line' id='line_1_7' title="bbox 358 751 1431 805; baseline 0.004 -14"><span class='ocrx_word' id='word_1_33' title='bbox 358 752 522 793; x_wconf 88' lang='lat' dir='ltr'>Pinum</span> <span class='ocrx_word' id='word_1_34' title='bbox 540 782 552 800; x_wconf 87' lang='lat'><em>‚</em></span> <span class='ocrx_word' id='word_1_35' title='bbox 575 754 620 795; x_wconf 87' lang='lat' dir='ltr'>et</span> <span class='ocrx_word' id='word_1_36' title='bbox 633 751 858 794; x_wconf 82' lang='lat' dir='ltr'>fumiferos</span> <span class='ocrx_word' id='word_1_37' title='bbox 876 751 1010 793; x_wconf 84' lang='lat' dir='ltr'>infert</span> <span class='ocrx_word' id='word_1_38' title='bbox 1031 754 1268 794; x_wconf 80' lang='lat' dir='ltr'>Mezentius</span> <span class='ocrx_word' id='word_1_39' title='bbox 1284 753 1431 805; x_wconf 81' lang='lat' dir='ltr'>ignes3</span> 
     </span>
     <span class='ocr_line' id='line_1_8' title="bbox 360 822 1495 878; baseline 0.004 -16"><span class='ocrx_word' id='word_1_40' title='bbox 360 825 418 865; x_wconf 89' lang='lat' dir='ltr'>At</span> <span class='ocrx_word' id='word_1_41' title='bbox 436 827 654 876; x_wconf 80' lang='lat' dir='ltr'>Messapus</span> <span class='ocrx_word' id='word_1_42' title='bbox 670 822 832 876; x_wconf 68' lang='lat' dir='ltr'>equum</span> <span class='ocrx_word' id='word_1_43' title='bbox 852 823 1060 871; x_wconf 87' lang='lat' dir='ltr'>domitor,</span> <span class='ocrx_word' id='word_1_44' title='bbox 1080 825 1304 877; x_wconf 80' lang='lat' dir='ltr'>Neptunia</span> <span class='ocrx_word' id='word_1_45' title='bbox 1324 824 1495 878; x_wconf 83' lang='lat' dir='ltr'>proles.</span> 
     </span>
     <span class='ocr_line' id='line_1_9' title="bbox 359 894 1430 949; baseline 0.001 -16"><span class='ocrx_word' id='word_1_46' title='bbox 359 894 585 938; x_wconf 86' lang='lat' dir='ltr'>Rescindit</span> <span class='ocrx_word' id='word_1_47' title='bbox 603 895 789 943; x_wconf 87' lang='lat' dir='ltr'>vallum,</span> <span class='ocrx_word' id='word_1_48' title='bbox 812 897 1005 937; x_wconf 88' lang='lat' dir='ltr'>etscalas</span> <span class='ocrx_word' id='word_1_49' title='bbox 1022 896 1067 937; x_wconf 90' lang='lat' dir='ltr'>in</span> <span class='ocrx_word' id='word_1_50' title='bbox 1088 896 1252 936; x_wconf 82' lang='lat' dir='ltr'>nioenia</span> <span class='ocrx_word' id='word_1_51' title='bbox 1271 896 1430 949; x_wconf 84' lang='lat' dir='ltr'>poscit.</span> 
     </span>
     <span class='ocr_line' id='line_1_10' title="bbox 410 964 1437 1019; baseline 0.003 -17"><span class='ocrx_word' id='word_1_52' title='bbox 410 965 510 1012; x_wconf 85' lang='lat' dir='ltr'>Vos,</span> <span class='ocrx_word' id='word_1_53' title='bbox 527 975 553 1005; x_wconf 94' lang='lat' dir='ltr'>o</span> <span class='ocrx_word' id='word_1_54' title='bbox 572 965 781 1018; x_wconf 84' lang='lat' dir='ltr'>Calliope.</span> <span class='ocrx_word' id='word_1_55' title='bbox 803 975 977 1019; x_wconf 83' lang='lat' dir='ltr'>precor,</span> <span class='ocrx_word' id='word_1_56' title='bbox 999 964 1216 1018; x_wconf 85' lang='lat' dir='ltr'>adspirate</span> <span class='ocrx_word' id='word_1_57' title='bbox 1237 965 1437 1012; x_wconf 85' lang='lat' dir='ltr'>canenti;</span> 
     </span>
     <span class='ocr_line' id='line_1_11' title="bbox 357 1033 1510 1089; baseline 0.001 -14"><span class='ocrx_word' id='word_1_58' title='bbox 357 1035 474 1083; x_wconf 86' lang='lat' dir='ltr'>Quas</span> <span class='ocrx_word' id='word_1_59' title='bbox 491 1033 553 1076; x_wconf 83' lang='lat' dir='ltr'>ibi</span> <span class='ocrx_word' id='word_1_60' title='bbox 570 1037 675 1077; x_wconf 90' lang='lat' dir='ltr'>tunc</span> <span class='ocrx_word' id='word_1_61' title='bbox 696 1035 812 1077; x_wconf 86' lang='lat' dir='ltr'>ferro</span> <span class='ocrx_word' id='word_1_62' title='bbox 831 1038 997 1089; x_wconf 82' lang='lat' dir='ltr'>strages</span> <span class='ocrx_word' id='word_1_63' title='bbox 1015 1066 1026 1085; x_wconf 88' lang='lat'>‚</span> <span class='ocrx_word' id='word_1_64' title='bbox 1047 1046 1143 1089; x_wconf 79' lang='lat' dir='ltr'>quae</span> <span class='ocrx_word' id='word_1_65' title='bbox 1163 1033 1320 1077; x_wconf 86' lang='lat' dir='ltr'>funera</span> <span class='ocrx_word' id='word_1_66' title='bbox 1337 1037 1510 1077; x_wconf 86' lang='lat' dir='ltr'>Turnus</span> 
     </span>
     <span class='ocr_line' id='line_1_12' title="bbox 355 1102 1516 1158; baseline 0.001 -15"><span class='ocrx_word' id='word_1_67' title='bbox 355 1102 558 1145; x_wconf 86' lang='lat' dir='ltr'>Ediderit</span> <span class='ocrx_word' id='word_1_68' title='bbox 575 1134 584 1151; x_wconf 90' lang='lat'><strong><em>‚</em></strong></span> <span class='ocrx_word' id='word_1_69' title='bbox 608 1114 738 1156; x_wconf 85' lang='lat' dir='ltr'>quem</span> <span class='ocrx_word' id='word_1_70' title='bbox 753 1105 940 1158; x_wconf 83' lang='lat' dir='ltr'>quisque</span> <span class='ocrx_word' id='word_1_71' title='bbox 961 1104 1104 1146; x_wconf 89' lang='lat' dir='ltr'>virum</span> <span class='ocrx_word' id='word_1_72' title='bbox 1126 1103 1354 1146; x_wconf 84' lang='lat' dir='ltr'>demiserit</span> <span class='ocrx_word' id='word_1_73' title='bbox 1371 1109 1487 1146; x_wconf 89' lang='lat' dir='ltr'>Orco</span> <span class='ocrx_word' id='word_1_74' title='bbox 1507 1121 1516 1144; x_wconf 91' lang='lat'>:</span> 
     </span>
     <span class='ocr_line' id='line_1_13' title="bbox 356 1174 1280 1226; baseline 0.003 -13"><span class='ocrx_word' id='word_1_75' title='bbox 356 1176 410 1214; x_wconf 87' lang='lat' dir='ltr'>Et</span> <span class='ocrx_word' id='word_1_76' title='bbox 426 1184 602 1216; x_wconf 86' lang='lat' dir='ltr'>mecum</span> <span class='ocrx_word' id='word_1_77' title='bbox 618 1174 816 1226; x_wconf 77' lang='lat' dir='ltr'>ingentes</span> <span class='ocrx_word' id='word_1_78' title='bbox 836 1187 935 1218; x_wconf 88' lang='lat' dir='ltr'>oras</span> <span class='ocrx_word' id='word_1_79' title='bbox 954 1175 1145 1218; x_wconf 82' lang='lat' dir='ltr'>evolvite</span> <span class='ocrx_word' id='word_1_80' title='bbox 1160 1176 1280 1218; x_wconf 79' lang='lat' dir='ltr'>belli,</span> 
     </span>
     <span class='ocr_line' id='line_1_14' title="bbox 356 1243 1609 1298; baseline 0.006 -16"><span class='ocrx_word' id='word_1_81' title='bbox 356 1243 432 1291; x_wconf 89' lang='lat' dir='ltr'>(Et</span> <span class='ocrx_word' id='word_1_82' title='bbox 449 1244 713 1286; x_wconf 89' lang='lat' dir='ltr'>meministis</span> <span class='ocrx_word' id='word_1_83' title='bbox 733 1245 876 1294; x_wconf 87' lang='lat' dir='ltr'>enim,</span> <span class='ocrx_word' id='word_1_84' title='bbox 899 1246 1012 1287; x_wconf 84' lang='lat' dir='ltr'>divae</span> <span class='ocrx_word' id='word_1_85' title='bbox 1025 1276 1035 1292; x_wconf 87' lang='lat'>,</span> <span class='ocrx_word' id='word_1_86' title='bbox 1058 1248 1103 1288; x_wconf 91' lang='lat' dir='ltr'>et</span> <span class='ocrx_word' id='word_1_87' title='bbox 1120 1254 1365 1287; x_wconf 85' lang='lat' dir='ltr'>memorare</span> <span class='ocrx_word' id='word_1_88' title='bbox 1385 1245 1609 1298; x_wconf 74' lang='lat' dir='ltr'>potestis.)</span> 
     </span>
     <span class='ocr_line' id='line_1_15' title="bbox 406 1312 1477 1369; baseline 0.003 -17"><span class='ocrx_word' id='word_1_89' title='bbox 406 1312 556 1354; x_wconf 87' lang='lat' dir='ltr'>Turris</span> <span class='ocrx_word' id='word_1_90' title='bbox 571 1316 664 1355; x_wconf 88' lang='lat' dir='ltr'>erat</span> <span class='ocrx_word' id='word_1_91' title='bbox 676 1317 801 1355; x_wconf 79' lang='lat' dir='ltr'>vasto</span> <span class='ocrx_word' id='word_1_92' title='bbox 819 1317 1024 1368; x_wconf 84' lang='lat' dir='ltr'>suspectu</span> <span class='ocrx_word' id='word_1_93' title='bbox 1042 1345 1051 1362; x_wconf 85' lang='lat'>,</span> <span class='ocrx_word' id='word_1_94' title='bbox 1070 1316 1115 1356; x_wconf 89' lang='lat' dir='ltr'>et</span> <span class='ocrx_word' id='word_1_95' title='bbox 1130 1315 1339 1369; x_wconf 87' lang='lat' dir='ltr'>pontibus</span> <span class='ocrx_word' id='word_1_96' title='bbox 1355 1314 1451 1355; x_wconf 84' lang='lat' dir='ltr'>altis</span> <span class='ocrx_word' id='word_1_97' title='bbox 1468 1343 1477 1361; x_wconf 87' lang='lat'>‚</span> 
     </span>
     <span class='ocr_line' id='line_1_16' title="bbox 355 1380 1470 1436; baseline 0.003 -15"><span class='ocrx_word' id='word_1_98' title='bbox 355 1382 621 1434; x_wconf 83' lang='lat' dir='ltr'>Opportuna</span> <span class='ocrx_word' id='word_1_99' title='bbox 634 1380 735 1424; x_wconf 91' lang='lat' dir='ltr'>loco</span> <span class='ocrx_word' id='word_1_100' title='bbox 755 1397 766 1423; x_wconf 79' lang='lat'>2</span> <span class='ocrx_word' id='word_1_101' title='bbox 783 1382 963 1424; x_wconf 88' lang='lat' dir='ltr'>summis</span> <span class='ocrx_word' id='word_1_102' title='bbox 983 1390 1116 1436; x_wconf 88' lang='lat' dir='ltr'>quam</span> <span class='ocrx_word' id='word_1_103' title='bbox 1133 1384 1301 1425; x_wconf 82' lang='lat' dir='ltr'>viribus</span> <span class='ocrx_word' id='word_1_104' title='bbox 1317 1392 1470 1424; x_wconf 77' lang='lat' dir='ltr'>omnes</span> 
     </span>
     <span class='ocr_line' id='line_1_17' title="bbox 353 1452 1477 1507; baseline 0.001 -16"><span class='ocrx_word' id='word_1_105' title='bbox 353 1453 616 1504; x_wconf 80' lang='lat' dir='ltr'>Expugnare</span> <span class='ocrx_word' id='word_1_106' title='bbox 636 1452 761 1499; x_wconf 82' lang='lat' dir='ltr'>Itali,</span> <span class='ocrx_word' id='word_1_107' title='bbox 782 1463 1044 1507; x_wconf 83' lang='lat' dir='ltr'>summaque</span> <span class='ocrx_word' id='word_1_108' title='bbox 1063 1457 1263 1495; x_wconf 80' lang='lat' dir='ltr'>evertere</span> <span class='ocrx_word' id='word_1_109' title='bbox 1283 1463 1419 1506; x_wconf 89' lang='lat' dir='ltr'>opum</span> <span class='ocrx_word' id='word_1_110' title='bbox 1438 1452 1477 1494; x_wconf 88' lang='lat' dir='ltr'>vi</span> 
     </span>
     <span class='ocr_line' id='line_1_18' title="bbox 351 1520 1343 1570; baseline 0.001 -9"><span class='ocrx_word' id='word_1_111' title='bbox 351 1521 589 1563; x_wconf 88' lang='lat' dir='ltr'>Certabant</span> <span class='ocrx_word' id='word_1_112' title='bbox 604 1537 615 1569; x_wconf 86' lang='grc'>;</span> <span class='ocrx_word' id='word_1_113' title='bbox 638 1523 770 1564; x_wconf 81' lang='lat' dir='ltr'>Troe&#39;s</span> <span class='ocrx_word' id='word_1_114' title='bbox 787 1525 943 1564; x_wconf 85' lang='lat' dir='ltr'>contra</span> <span class='ocrx_word' id='word_1_115' title='bbox 958 1520 1194 1563; x_wconf 80' lang='lat' dir='ltr'>defendere</span> <span class='ocrx_word' id='word_1_116' title='bbox 1210 1522 1343 1570; x_wconf 74' lang='lat' dir='ltr'>saxis,</span> 
     </span>
     <span class='ocr_line' id='line_1_19' title="bbox 350 1589 1424 1644; baseline 0 -12"><span class='ocrx_word' id='word_1_117' title='bbox 350 1594 522 1644; x_wconf 86' lang='lat' dir='ltr'>Perque</span> <span class='ocrx_word' id='word_1_118' title='bbox 540 1603 667 1634; x_wconf 89' lang='lat' dir='ltr'>cavas</span> <span class='ocrx_word' id='word_1_119' title='bbox 684 1591 806 1634; x_wconf 89' lang='lat' dir='ltr'>densi</span> <span class='ocrx_word' id='word_1_120' title='bbox 825 1592 911 1634; x_wconf 83' lang='lat' dir='ltr'>tela</span> <span class='ocrx_word' id='word_1_121' title='bbox 925 1593 1179 1644; x_wconf 84' lang='lat' dir='ltr'>intorquere</span> <span class='ocrx_word' id='word_1_122' title='bbox 1200 1589 1424 1633; x_wconf 81' lang='lat' dir='ltr'>fenestras-</span> 
     </span>
     <span class='ocr_line' id='line_1_20' title="bbox 350 1660 1450 1714; baseline 0 -14"><span class='ocrx_word' id='word_1_123' title='bbox 350 1662 564 1714; x_wconf 78' lang='lat' dir='ltr'>Princeps</span> <span class='ocrx_word' id='word_1_124' title='bbox 583 1660 812 1704; x_wconf 84' lang='lat' dir='ltr'>ardentem</span> <span class='ocrx_word' id='word_1_125' title='bbox 830 1662 1020 1711; x_wconf 86' lang='lat' dir='ltr'>conjecit</span> <span class='ocrx_word' id='word_1_126' title='bbox 1038 1660 1240 1714; x_wconf 86' lang='lat' dir='ltr'>lampada</span> <span class='ocrx_word' id='word_1_127' title='bbox 1254 1663 1450 1708; x_wconf 88' lang='lat' dir='ltr'>Turnus,</span> 
     </span>
     <span class='ocr_line' id='line_1_21' title="bbox 348 1727 1454 1784; baseline 0.001 -14"><span class='ocrx_word' id='word_1_128' title='bbox 348 1732 405 1771; x_wconf 89' lang='lat' dir='ltr'>Et</span> <span class='ocrx_word' id='word_1_129' title='bbox 425 1727 645 1771; x_wconf 81' lang='lat' dir='ltr'>flammam</span> <span class='ocrx_word' id='word_1_130' title='bbox 667 1727 815 1771; x_wconf 76' lang='lat' dir='ltr'>adfixit</span> <span class='ocrx_word' id='word_1_131' title='bbox 833 1729 954 1772; x_wconf 89' lang='lat' dir='ltr'>lateri</span> <span class='ocrx_word' id='word_1_132' title='bbox 972 1746 981 1779; x_wconf 92' lang='lat'>;</span> <span class='ocrx_word' id='word_1_133' title='bbox 999 1741 1095 1783; x_wconf 65' lang='lat' dir='ltr'>quae</span> <span class='ocrx_word' id='word_1_134' title='bbox 1114 1730 1306 1784; x_wconf 81' lang='lat' dir='ltr'>plurima</span> <span class='ocrx_word' id='word_1_135' title='bbox 1318 1731 1454 1771; x_wconf 87' lang='lat' dir='ltr'>vento</span> 
     </span>
     <span class='ocr_line' id='line_1_22' title="bbox 350 1798 1372 1852; baseline 0 -14"><span class='ocrx_word' id='word_1_136' title='bbox 350 1798 573 1852; x_wconf 84' lang='lat' dir='ltr'>Corripuit</span> <span class='ocrx_word' id='word_1_137' title='bbox 590 1799 777 1843; x_wconf 83' lang='lat' dir='ltr'>tabulas,</span> <span class='ocrx_word' id='word_1_138' title='bbox 801 1800 844 1840; x_wconf 84' lang='lat' dir='ltr'>et</span> <span class='ocrx_word' id='word_1_139' title='bbox 861 1798 1052 1850; x_wconf 77' lang='lat' dir='ltr'>postibus</span> <span class='ocrx_word' id='word_1_140' title='bbox 1070 1798 1195 1841; x_wconf 86' lang='lat' dir='ltr'>haesit</span> <span class='ocrx_word' id='word_1_141' title='bbox 1215 1799 1372 1841; x_wconf 82' lang='lat' dir='ltr'>adesis.</span> 
     </span>
     <span class='ocr_line' id='line_1_23' title="bbox 352 1866 1450 1922; baseline 0.002 -15"><span class='ocrx_word' id='word_1_142' title='bbox 352 1868 532 1910; x_wconf 86' lang='lat' dir='ltr'>Turbati</span> <span class='ocrx_word' id='word_1_143' title='bbox 554 1868 774 1922; x_wconf 86' lang='lat' dir='ltr'>trepidare</span> <span class='ocrx_word' id='word_1_144' title='bbox 794 1869 937 1915; x_wconf 85' lang='lat' dir='ltr'>intus,</span> <span class='ocrx_word' id='word_1_145' title='bbox 964 1866 1214 1921; x_wconf 81' lang='lat' dir='ltr'>frustraque</span> <span class='ocrx_word' id='word_1_146' title='bbox 1232 1868 1450 1910; x_wconf 89' lang='lat' dir='ltr'>malorum</span> 
     </span>
     <span class='ocr_line' id='line_1_24' title="bbox 348 1936 1581 1990; baseline 0.001 -14"><span class='ocrx_word' id='word_1_147' title='bbox 348 1936 470 1980; x_wconf 85' lang='lat' dir='ltr'>Velle</span> <span class='ocrx_word' id='word_1_148' title='bbox 485 1936 646 1990; x_wconf 82' lang='lat' dir='ltr'>fugam.</span> <span class='ocrx_word' id='word_1_149' title='bbox 671 1939 788 1977; x_wconf 87' lang='lat' dir='ltr'>Dum</span> <span class='ocrx_word' id='word_1_150' title='bbox 806 1947 851 1978; x_wconf 89' lang='lat' dir='ltr'>se</span> <span class='ocrx_word' id='word_1_151' title='bbox 864 1937 1133 1989; x_wconf 81' lang='lat' dir='ltr'>glomerant,</span> <span class='ocrx_word' id='word_1_152' title='bbox 1152 1940 1363 1990; x_wconf 84' lang='lat' dir='ltr'>retroque</span> <span class='ocrx_word' id='word_1_153' title='bbox 1381 1936 1581 1978; x_wconf 80' lang='lat' dir='ltr'>residunt</span> 
     </span>
     <span class='ocr_line' id='line_1_25' title="bbox 347 2006 1529 2061; baseline -0.001 -14"><span class='ocrx_word' id='word_1_154' title='bbox 347 2009 400 2048; x_wconf 84' lang='lat' dir='ltr'>In</span> <span class='ocrx_word' id='word_1_155' title='bbox 414 2011 608 2061; x_wconf 78' lang='lat' dir='ltr'>partem,</span> <span class='ocrx_word' id='word_1_156' title='bbox 631 2017 727 2060; x_wconf 78' lang='lat' dir='ltr'>quae</span> <span class='ocrx_word' id='word_1_157' title='bbox 747 2008 870 2060; x_wconf 82' lang='lat' dir='ltr'>peste</span> <span class='ocrx_word' id='word_1_158' title='bbox 888 2009 1038 2056; x_wconf 75' lang='lat' dir='ltr'>caret3</span> <span class='ocrx_word' id='word_1_159' title='bbox 1061 2012 1155 2048; x_wconf 90' lang='lat' dir='ltr'>tum</span> <span class='ocrx_word' id='word_1_160' title='bbox 1173 2006 1371 2060; x_wconf 83' lang='lat' dir='ltr'>pondere</span> <span class='ocrx_word' id='word_1_161' title='bbox 1393 2006 1529 2046; x_wconf 86' lang='lat' dir='ltr'>turris</span> 
     </span>
     <span class='ocr_line' id='line_1_26' title="bbox 348 2076 1524 2129; baseline -0.001 -12"><span class='ocrx_word' id='word_1_162' title='bbox 348 2077 594 2120; x_wconf 85' lang='lat' dir='ltr'>Procubuit</span> <span class='ocrx_word' id='word_1_163' title='bbox 609 2078 754 2119; x_wconf 82' lang='lat' dir='ltr'>subito</span> <span class='ocrx_word' id='word_1_164' title='bbox 771 2109 780 2124; x_wconf 87' lang='grc'><em>,</em></span> <span class='ocrx_word' id='word_1_165' title='bbox 800 2080 845 2119; x_wconf 91' lang='lat' dir='ltr'>et</span> <span class='ocrx_word' id='word_1_166' title='bbox 862 2077 1024 2120; x_wconf 84' lang='lat' dir='ltr'>coelum</span> <span class='ocrx_word' id='word_1_167' title='bbox 1042 2079 1169 2119; x_wconf 85' lang='lat' dir='ltr'>tonat</span> <span class='ocrx_word' id='word_1_168' title='bbox 1184 2088 1315 2119; x_wconf 91' lang='lat' dir='ltr'>omne</span> <span class='ocrx_word' id='word_1_169' title='bbox 1335 2076 1524 2129; x_wconf 79' lang='lat' dir='ltr'>fragore.</span> 
     </span>
     <span class='ocr_line' id='line_1_27' title="bbox 345 2144 1405 2197; baseline 0 -10"><span class='ocrx_word' id='word_1_170' title='bbox 345 2146 594 2189; x_wconf 86' lang='lat' dir='ltr'>Semineces</span> <span class='ocrx_word' id='word_1_171' title='bbox 610 2144 667 2187; x_wconf 88' lang='lat' dir='ltr'>ad</span> <span class='ocrx_word' id='word_1_172' title='bbox 686 2149 851 2187; x_wconf 88' lang='lat' dir='ltr'>terram</span> <span class='ocrx_word' id='word_1_173' title='bbox 869 2178 879 2197; x_wconf 91' lang='lat'>‚</span> <span class='ocrx_word' id='word_1_174' title='bbox 901 2147 1083 2188; x_wconf 88' lang='lat' dir='ltr'>immani</span> <span class='ocrx_word' id='word_1_175' title='bbox 1099 2146 1216 2188; x_wconf 91' lang='lat' dir='ltr'>mole</span> <span class='ocrx_word' id='word_1_176' title='bbox 1229 2147 1378 2188; x_wconf 87' lang='lat' dir='ltr'>secuta</span> <span class='ocrx_word' id='word_1_177' title='bbox 1395 2178 1405 2193; x_wconf 85' lang='lat'><strong>,</strong></span> 
     </span>
     <span class='ocr_line' id='line_1_28' title="bbox 347 2213 1241 2269; baseline 0 -13"><span class='ocrx_word' id='word_1_178' title='bbox 347 2213 600 2268; x_wconf 80' lang='lat' dir='ltr'>confixique</span> <span class='ocrx_word' id='word_1_179' title='bbox 616 2215 706 2257; x_wconf 85' lang='lat' dir='ltr'>suis</span> <span class='ocrx_word' id='word_1_180' title='bbox 725 2216 846 2261; x_wconf 81' lang='lat' dir='ltr'>telis,</span> <span class='ocrx_word' id='word_1_181' title='bbox 867 2220 912 2257; x_wconf 89' lang='lat' dir='ltr'>et</span> <span class='ocrx_word' id='word_1_182' title='bbox 930 2218 1112 2269; x_wconf 82' lang='lat' dir='ltr'>pectora</span> <span class='ocrx_word' id='word_1_183' title='bbox 1129 2217 1241 2257; x_wconf 83' lang='lat' dir='ltr'>duro</span> 
     </span>
     <span class='ocr_line' id='line_1_29' title="bbox 346 2283 1427 2338; baseline 0.002 -13"><span class='ocrx_word' id='word_1_184' title='bbox 346 2283 590 2327; x_wconf 71' lang='lat' dir='ltr'>‘transfossi</span> <span class='ocrx_word' id='word_1_185' title='bbox 604 2286 727 2338; x_wconf 84' lang='lat' dir='ltr'>ligno</span> <span class='ocrx_word' id='word_1_186' title='bbox 744 2317 753 2332; x_wconf 90' lang='lat'>‚</span> <span class='ocrx_word' id='word_1_187' title='bbox 769 2286 971 2328; x_wconf 84' lang='lat' dir='ltr'>veniunt.</span> <span class='ocrx_word' id='word_1_188' title='bbox 991 2288 1072 2328; x_wconf 83' lang='lat' dir='ltr'>Vix</span> <span class='ocrx_word' id='word_1_189' title='bbox 1090 2298 1203 2328; x_wconf 89' lang='lat' dir='ltr'>unus</span> <span class='ocrx_word' id='word_1_190' title='bbox 1220 2286 1427 2332; x_wconf 86' lang='lat' dir='ltr'>Helenor.</span> 
     </span>
     <span class='ocr_line' id='line_1_30' title="bbox 345 2356 1426 2411; baseline 0 -15"><span class='ocrx_word' id='word_1_191' title='bbox 345 2358 400 2397; x_wconf 89' lang='lat' dir='ltr'>Et</span> <span class='ocrx_word' id='word_1_192' title='bbox 421 2358 561 2408; x_wconf 81' lang='lat' dir='ltr'>Lycus</span> <span class='ocrx_word' id='word_1_193' title='bbox 582 2356 714 2409; x_wconf 83' lang='lat' dir='ltr'>elapsi</span> <span class='ocrx_word' id='word_1_194' title='bbox 731 2370 740 2394; x_wconf 92' lang='lat'>:</span> <span class='ocrx_word' id='word_1_195' title='bbox 761 2367 949 2411; x_wconf 84' lang='lat' dir='ltr'>quorum</span> <span class='ocrx_word' id='word_1_196' title='bbox 966 2358 1201 2411; x_wconf 62' lang='lat' dir='ltr'>primaevus</span> <span class='ocrx_word' id='word_1_197' title='bbox 1216 2356 1426 2403; x_wconf 87' lang='lat' dir='ltr'>Helenor,</span> 
     </span>
     <span class='ocr_line' id='line_1_31' title="bbox 347 2424 1333 2480; baseline 0.001 -14"><span class='ocrx_word' id='word_1_198' title='bbox 347 2424 535 2468; x_wconf 81' lang='lat' dir='ltr'>Maeonio</span> <span class='ocrx_word' id='word_1_199' title='bbox 555 2426 646 2479; x_wconf 85' lang='lat' dir='ltr'>regi</span> <span class='ocrx_word' id='word_1_200' title='bbox 661 2438 792 2480; x_wconf 82' lang='lat' dir='ltr'>quem</span> <span class='ocrx_word' id='word_1_201' title='bbox 806 2437 930 2468; x_wconf 87' lang='lat' dir='ltr'>serva</span> <span class='ocrx_word' id='word_1_202' title='bbox 948 2428 1171 2479; x_wconf 81' lang='lat' dir='ltr'>Licymnia</span> <span class='ocrx_word' id='word_1_203' title='bbox 1187 2425 1333 2469; x_wconf 79' lang='lat' dir='ltr'>furtim</span> 
     </span>
    </p>
   </div>
  </div>
 </body>
</html>
