1917 2942
274 298 328 336 96
760 302 1087 343 GEORGICON
1545 307 1592 344 '⁴8

275 383 453 426 Tithoni
470 386 610 440 prima
639 387 760 440 quod
787 387 909 430 abest
929 388 981 430 ab
1001 389 1172 442 origine
1193 393 1351 431 Caesar.

328 457 416 497 Seu
437 456 533 509 quis
552 487 562 503 ‚
586 456 859 512 Olympiacae
878 460 1059 502 miratus
1087 460 1266 513 praemia
1291 459 1445 514 palmae.
1464 492 1472 505 ,

273 525 419 567 Pascit
446 537 610 581 equos;
641 537 718 568 seu
736 527 834 581 quis
850 527 984 571 fortes
1009 529 1064 570 ad
1084 533 1225 571 aratra
1242 531 1485 581 juvencos:

273 598 469 649 Corpora
481 596 706 650 praecipue
731 602 926 639 matrum
946 599 1079 651 legat.
1106 599 1282 653 Optima
1299 605 1434 641 torvae

272 666 433 705 Forma
445 666 572 707 bovis
590 697 600 716 ‚
626 667 697 708 cui
717 669 848 721 turpe
865 672 1012 722 caput,
1039 669 1110 710 cui
1136 670 1328 724 plurima
1349 669 1522 715 cervix,

271 735 326 773 Et
346 745 526 776 crurum
544 738 670 777 tenus
687 747 711 776 a
731 741 882 778 mento
900 739 1092 791 palearia
1107 738 1303 792 pendent
1323 755 1333 787 ;

275 806 385 843 Tum
402 804 536 857 longo
555 805 843 848 nulluslateri
861 807 1041 850 mndus:
1063 808 1213 850 omnia
1235 821 1393 863 magna
1414 843 1423 858 ,

276 876 360 916 Pes
376 873 510 916 etiam
528 890 537 919 ;
557 877 600 917 et
616 877 810 917 camuris
828 876 956 919 hirta-3.
979 879 1060 920 sub
1081 880 1290 922 cornibus
1309 893 1450 924 aures.

273 945 363 984 Nec
379 944 487 986 mihi
505 943 739 999 displiceat
756 947 941 989 maculis
957 947 1138 1000 insignis
1157 953 1200 991 et
1214 950 1315 991 albo
1333 967 1342 998 ς

275 1017 362 1053 Aut
376 1015 483 1065 juga
500 1012 748 1057 detrectans
766 1045 774 1061 ‚
799 1016 1113 1070 interdumque
1135 1030 1288 1073 aspera
1307 1031 1445 1062 cornu
1467 1055 1476 1068 ,

273 1084 328 1122 Et
345 1082 502 1125 Faciem
521 1085 647 1125 tauro
668 1085 877 1139 propi0r3
900 1097 1085 1140 qnaeque
1105 1087 1241 1130 ardua
1264 1092 1352 1131 tota
1370 1122 1378 1137 ,

273 1156 329 1193 Et
349 1154 552 1205 gradiens
574 1155 662 1196 ima
688 1156 827 1197 verrit
851 1158 1034 1210 vestigia
1054 1158 1211 1200 cauda.

272 1225 389 1264 AEtas
409 1224 623 1266 Lucinam
637 1228 868 1279 justosque
887 1228 975 1279 pati
995 1226 1252 1279 hymenaeos

273 1295 447 1336 Desinit
466 1302 568 1338 ante
587 1295 765 1344 decem,
789 1301 1094 1352 postquatuor
1110 1300 1264 1354 incipit
1284 1332 1292 1347 ‚
1317 1312 1454 1343 annos
1475 1319 1485 1343 ε

275 1366 431 1406 Cetera
452 1376 536 1408 nec
557 1364 711 1408 feturae
735 1367 890 1409 habilis
910 1400 920 1419 ‚
943 1379 1028 1411 nec
1049 1368 1176 1411 fortis
1197 1371 1367 1412 aratris.

272 1436 444 1476 Interea
466 1467 475 1483 ,
498 1438 896 1490 superatgregihns
916 1437 1020 1479 dum
1053 1438 1155 1480 laeta
1177 1441 1380 1491 juventas
1399 1472 1407 1486 ‚

272 1504 402 1548 Solve
419 1516 561 1547 mares
577 1521 587 1553 ;
606 1507 731 1553 mitte
751 1508 796 1548 in
818 1511 1035 1550 Venerem
1054 1510 1263 1561 pecuaria
1280 1510 1472 1563 primus,

272 1579 419 1630 Atque
436 1576 567 1618 aliam
583 1588 635 1619 ex
648 1578 732 1618 alia
751 1579 1007 1629 generando
1026 1579 1180 1621 suffice
1194 1580 1384 1634 prolem.

274 1647 453 1700 Optima
473 1658 660 1700 quaeque
680 1646 771 1689 dies
789 1649 957 1689 miseris
973 1648 1233 1695 mortalibus
1249 1649 1330 1690 aevi

267 1717 417 1758 Prima
439 1716 573 1769 fugit:
594 1718 784 1758 subeunt
801 1717 943 1762 morbi
961 1748 971 1764 ‚
997 1719 1217 1771 tristisque
1237 1723 1441 1760 senectus
1461 1736 1471 1764 ;

270 1789 325 1827 Et
345 1785 469 1828 labor
488 1787 532 1828 et
552 1785 673 1827 durae
695 1786 808 1841 rapit
821 1786 1108 1830 inclementia
1126 1787 1298 1829 mortis.

270 1858 452 1909 Semper
468 1859 601 1899 erunt
620 1888 628 1904 ‚
651 1868 840 1909 quarum
859 1857 1017 1898 mutari
1038 1867 1226 1910 corpora
1245 1857 1369 1898 malis
1394 1874 1403 1897 :

271 1928 453 1978 Semper
473 1928 592 1968 enim
613 1927 770 1969 refice:
792 1937 868 1974 ac,
894 1938 950 1969 ne
966 1932 1066 1980 post
1085 1928 1238 1969 amissa
1261 1928 1479 1980 requiras,

274 1995 505 2042 Anteveni,
535 1996 790 2039 etsobolem
809 1999 1011 2039 armento
1038 1996 1196 2038 sortire
1216 1996 1466 2049 quotannis.

324 2067 415 2107 Nec
430 2076 524 2106 non
542 2070 585 2108 et
605 2065 754 2120 pecori
775 2069 837 2108 est
856 2065 972 2107 idem
989 2065 1175 2108 dilectus
1195 2066 1373 2119 equino.

273 2137 339 2174 'ru
355 2134 504 2182 modo,
521 2146 630 2189 quos
649 2137 696 2178 in
714 2147 837 2189 spem
856 2139 1019 2178 statues
1036 2136 1294 2178 submittere
1308 2136 1453 2187 gentis
1469 2167 1479 2185 ,

277 2207 552 2261 Praecipuum
567 2210 659 2258 jam
680 2207 784 2249 inde
806 2220 829 2249 a
847 2207 1008 2250 teneris
1026 2206 1233 2261 impende
1250 2206 1464 2250 laborem.

277 2279 501 2320 Continuo
523 2277 692 2330 pecoris
720 2277 919 2330 generosi
937 2275 1081 2331 pullus
1098 2276 1144 2317 in
1160 2276 1274 2318 arvis

275 2350 418 2391 Altius
433 2347 697 2401 ingreditur,
715 2351 758 2390 et
775 2347 923 2389 mollia
942 2358 1071 2390 crura
1089 2348 1266 2401 reponit
1287 2364 1295 2387 :

278 2421 453 2461 Primus
472 2425 514 2461 et
529 2418 591 2460 ire
608 2417 723 2460 viam
741 2449 750 2466 ,
771 2421 813 2460 ct
832 2417 986 2459 fluvios
1011 2419 1178 2459 tentare
1196 2418 1389 2459 minaces
