1917 2942
363 355 441 397 596
884 357 968 395 AEN
976 356 1141 395 EIDOS
1584 354 1660 394 396

360 442 729 495 Semianimesque
749 441 916 490 micant
934 440 1077 493 digiti,
1097 441 1350 493 ferrumque
1372 441 1626 483 retractant.

360 510 551 553 Arcadas
568 510 779 553 adcensos
800 510 988 559 monitu,
1006 512 1050 549 et
1065 510 1272 564 praeclara
1282 511 1455 551 *tuentes

363 583 491 622 Facta
507 581 604 626 viri,
627 580 785 621 mixtus
800 578 927 621 dolor
948 580 992 622 et
1014 580 1158 632 pudor
1173 584 1313 619 armat
1329 579 1374 618 in
1389 577 1556 621 hostes.

361 653 473 691 Tum
488 650 642 696 Pallas,
663 648 818 703 bijugis
838 649 1078 702 fugientem
1096 648 1278 690 Rhcetea
1295 652 1455 703 praeter

361 720 568 771 Ti·ajicit:
590 719 674 761 hoc
692 720 881 771 spatium
903 721 1162 771 tantumque
1178 728 1313 759 morae
1332 715 1415 757 fuit
1432 717 1521 765 Ilo;

363 788 429 829 Ilo
449 798 637 840 namque
660 787 816 839 procul
836 786 1024 828 validam
1046 786 1262 829 dii-exerat
1280 785 1446 829 hastam
1466 819 1475 833 .

366 862 509 908 Quam
526 857 694 899 medin<
715 856 922 898 Rhoeteus
943 856 1185 910 intercipit,
1205 857 1371 909 optime
1389 856 1592 904 Teuthra,

362 929 419 967 Te
443 926 626 978 fugiens,
655 924 922 978 fratremque
943 928 1087 976 Tyren
1112 941 1122 964 ε
1143 937 1363 979 curruque
1382 925 1563 968 volutus

363 995 782 1038 Caeditsemianimis
804 996 1065 1037 Rutulorum
1085 996 1274 1037 calcibus
1294 1008 1412 1039 arva.

364 1069 430 1107 Ac
447 1066 582 1113 velut,
603 1067 756 1120 optato
770 1067 915 1107 ventis
937 1068 1086 1108 aestate
1104 1067 1284 1113 coortis,

363 1136 566 1189 Dispersa
585 1135 786 1176 immittit
805 1133 921 1175 silvis
936 1133 1142 1176 incendia
1162 1136 1335 1187 pastor;

363 1205 589 1258 correptis
604 1204 749 1246 subito
769 1204 940 1250 mediis,
962 1204 1211 1245 extenditur
1231 1215 1319 1245 una

363 1272 553 1315 Horrida
577 1285 654 1325 per
673 1271 786 1314 latos
804 1273 917 1314 acies
935 1273 1150 1314 Vulcania
1167 1284 1368 1326 campos3

360 1342 440 1383 Ille
461 1341 615 1384 sedens
634 1341 778 1382 victor
798 1339 994 1383 flammas
1012 1343 1236 1395 despectat
1250 1345 1430 1387 ovantes
1452 1360 1461 1384 :

361 1414 462 1453 Non
484 1411 609 1453 aliter
628 1410 795 1452 socium
815 1411 948 1452 virtus
965 1411 1056 1452 coit
1074 1412 1216 1453 omnis
1230 1413 1277 1452 in
1295 1424 1453 1463 unum,

361 1483 664 1535 Tequejuvat,
686 1481 823 1522 Palla.
848 1480 931 1522 Sed
949 1480 1074 1523 bellis
1095 1492 1195 1524 acer
1214 1482 1397 1524 Halesus

364 1552 524 1595 Tendit·
544 1553 586 1591 in
605 1550 824 1597 adverSOS,
846 1561 981 1604 seque
1001 1551 1046 1591 in
1065 1562 1143 1593 sua
1158 1551 1328 1604 colligit
1347 1563 1482 1594 arma.

365 1621 449 1663 Hic
465 1624 628 1663 mactat
650 1619 841 1667 Ladona,
863 1619 1151 1674 Pheretaque,
1174 1621 1588 1675 Demodocumque;

363 1690 622 1742 Strymonio
641 1688 839 1732 dextram
856 1689 1043 1742 fulgenti
1063 1689 1224 1744 deripit
1239 1702 1342 1733 ense

365 1761 533 1802 Elatam
555 1761 596 1800 in
612 1760 813 1812 jugulum
831 1777 841 1808 ;
864 1770 967 1802 saxo
988 1760 1087 1801 l'erit
1106 1770 1184 1801 ora
1201 1760 1421 1806 Thoantis,

365 1831 560 1882 Ossaque
575 1827 778 1882 dispersit
792 1829 975 1870 cerebro
994 1827 1210 1882 permixta
1229 1833 1431 1871 cruento.

367 1900 472 1939 Fata
488 1907 650 1939 canens
667 1896 784 1938 silvis
800 1897 974 1949 genitor
993 1897 1156 1939 celarat
1175 1898 1382 1939 Halesum
1396 1914 1406 1946 ;

368 1971 426 2009 Ut
443 1969 590 2010 senior
609 1969 699 2009 leto
716 1967 921 2009 canentia
934 1966 1102 2008 lumina
1117 1967 1262 2012 solvit.

368 2039 565 2089 Injeeere
587 2047 769 2077 manum
791 2038 957 2083 Parcae,
978 2036 1165 2090 telisque
1186 2039 1413 2078 sacrarunt

368 2105 586 2147 Evandri:
604 2116 736 2158 quem
755 2106 816 2146 sic
836 2106 977 2147 Pallas
998 2107 1120 2157 petit,
1141 2108 1241 2148 aute
1263 2110 1462 2158 precatus
1481 2121 1490 2145 ι

370 2191 387 2213 α
409 2179 473 2219 Da
491 2187 625 2222 nunc,
649 2175 813 2229 Thybri
829 2178 970 2231 pater,
992 2175 1125 2228 ferm,
1146 2176 1266 2229 quod
1289 2174 1450 2218 missile
1469 2175 1595 2223 libro.

367 2251 610 2290 Fortunam
626 2247 757 2298 atque
772 2246 888 2287 viam
907 2245 1005 2288 duri
1028 2257 1106 2299 per
1125 2248 1278 2300 pectus
1299 2245 1461 2288 Halesi.

371 2321 476 2360 Haec
499 2326 621 2358 arma
639 2315 905 2370 exuviasque
921 2315 1004 2358 viri
1027 2319 1099 2356 tua
1120 2325 1307 2369 quercus
1322 2315 1513 2358 habebit.
1532 2334 1548 2356 »

370 2385 525 2428 Audiit
538 2381 611 2424 illa
627 2381 734 2426 deus
751 2400 760 2422 ι
779 2383 883 2425 dum
905 2384 1011 2426 texit
1025 2386 1205 2425 Imaona
1225 2385 1423 2436 Halesus,

373 2455 564 2499 Arcadio
581 2451 730 2496 infelix
752 2455 840 2497 telo
858 2454 934 2498 dat
953 2458 1106 2507 pectus
1125 2455 1355 2496 inermum.
