1917 2942
419 334 497 373 ΙιΙΟ
947 336 1201 376 AENEIDOS
1648 343 1718 381 81¹ss

422 422 509 461 Per
529 420 724 462 medium
745 424 900 463 AEneas
917 423 1152 473 juvenem,
1175 426 1403 478 totumque
1419 425 1644 473 recondit;

420 491 610 532 Transiit
623 493 666 531 et
678 501 879 545 parmam
894 503 1047 534 nmero
1059 524 1069 539 .
1092 494 1207 535 levia
1225 505 1346 535 arma
1367 496 1548 537 minacis
1568 528 1576 542 ,

422 561 475 600 Et
493 559 688 600 tunic-am
706 592 714 606 ,
735 560 858 602 molli
877 563 1016 602 mater
1032 572 1162 612 quam
1185 565 1364 604 neverat
1381 574 1486 604 auro
1504 579 1514 611 3

423 629 709 681 implevitque
725 630 870 670 sinum
890 631 1066 682 sanguis
1089 648 1097 671 :
1123 634 1213 672 turn
1236 633 1326 674 vita
1345 643 1424 684 per
1443 643 1570 675 auras

421 699 649 740 concessit
664 702 818 740 maesta
837 698 891 740 ad
912 704 1085 747 Manes,
1109 711 1356 754 corpusque
1375 701 1567 755 reliquit.

422 769 479 807 At
500 779 604 810 vero
625 770 673 809 ut
688 767 857 810 vultum
881 768 991 811 vidit
1008 771 1236 812 morientis
1252 773 1384 812 ctera
1401 804 1409 819 ,

417 840 504 878 Ora
525 838 666 879 modis
688 837 971 880 Anchisiades
995 840 1198 891 pallentia
1215 839 1360 889 miris;

418 908 639 958 ingemuit
653 908 865 950 miserans
882 911 1085 959 graviter,
1106 908 1389 963 dextramque
1406 910 1591 953 tetendit
1612 943 1622 961 ,

419 980 472 1018 Et
488 981 681 1019 mentem
701 979 851 1030 patria?
869 978 1041 1020 strinxit
1061 978 1231 1033 pietatis
1251 980 1410 1031 imago.

423 1047 665 1096 «Quintilii
690 1058 832 1094 nunc,
857 1047 1104 1091 miserande
1125 1060 1246 1101 puer,
1278 1060 1360 1102 pro
1386 1050 1585 1092 laudibus
1605 1050 1717 1101 istis,

418 1116 533 1166 Quid
549 1117 644 1168 pius
660 1120 813 1159 AEneas
832 1120 953 1165 tanta
970 1117 1090 1159 dabit
1103 1117 1255 1159 indole
1274 1118 1459 1169 dignum
1472 1120 1491 1159 ἰ’

419 1191 552 1226 Arma
571 1217 580 1233 ‚
601 1187 755 1238 quibus
772 1188 942 1227 laetatus
957 1218 967 1233 ‚
991 1185 1102 1228 hahc
1125 1192 1196 1228 lua
1214 1202 1224 1226 :
1245 1189 1372 1239 teque
1386 1190 1620 1240 parentum

420 1255 616 1297 Manibus
635 1258 677 1296 et
694 1255 858 1302 cineri,
882 1257 916 1297 si
936 1268 1020 1309 qua
1042 1260 1107 1298 est
1127 1267 1176 1298 ea
1196 1268 1324 1305 cura,
1349 1258 1540 1299 remitto.

419 1326 512 1366 Hoc
531 1327 676 1366 tamen
695 1324 845 1368 infelix
861 1326 1064 1366 miseram
1080 1324 1277 1366 solabere
1297 1328 1484 1367 mortem
1503 1341 1513 1372 ;

417 1396 561 1436 alinea}
583 1394 727 1446 magni
747 1394 897 1436 dextra
917 1393 1050 1437 cadis.
1075 1410 1092 1432 »
1118 1398 1317 1447 increpat
1342 1395 1464 1436 ultro

417 1465 686 1503 cunctantes
704 1463 868 1508 socios,
897 1467 939 1505 et
963 1466 1076 1505 terra
1091 1464 1288 1505 sublevat
1302 1464 1443 1516 ipsum
1457 1496 1466 1509 ‚

414 1531 637 1583 Sanguine
658 1534 907 1584 turpantem
924 1533 1094 1574 comtos
1110 1531 1164 1573 de
1180 1542 1303 1574 more
1320 1534 1513 1585 capillos.

468 1601 641 1644 Interea
657 1603 831 1651 genitor
846 1601 1038 1644 Tiberini
1059 1602 1115 1644 ad
1132 1600 1323 1643 fluminis
1338 1602 1502 1643 undam

415 1668 610 1712 Vulnera
628 1671 820 1713 siccabat
833 1671 1023 1724 lymphis
1041 1704 1049 1718 ‚
1078 1682 1325 1725 corpusque
1339 1671 1515 1713 levabat

416 1738 595 1779 Arboris
615 1738 796 1780 adclinis
819 1742 993 1781 trunco.
1016 1741 1179 1781 Procul
1199 1749 1310 1781 aerea
1329 1738 1462 1780 ramis

416 1807 644 1861 Dependet
664 1807 811 1860 galea,
832 1811 876 1850 et
891 1811 1016 1860 prato
1034 1808 1185 1859 gravia
1204 1818 1325 1848 arma
1340 1807 1587 1860 quieseunt.

416 1880 541 1920 Stant
560 1872 662 1919 lecti
678 1877 843 1918 circum
860 1878 1048 1928 Juvenes
1067 1890 1077 1912 ι
1097 1877 1190 1930 ipse
1208 1888 1339 1929 teger,
1363 1876 1588 1924 anhelans,

414 1947 534 1988 Colla
556 1947 693 1993 [ovet.
717 1945 834 1988 fusus
850 1956 1092 2000 propexam
1108 1947 1153 1987 in
1171 1950 1350 1999 pectore
1367 1946 1569 1993 barbam,-

413 2017 548 2059 Multa
564 2027 695 2070 super
715 2020 855 2059 Lauso
873 2019 1057 2069 rogitat,
1076 2017 1356 2070 multumque
1377 2018 1585 2062 remittit.

413 2088 495 2137 Qui
515 2089 751 2132 revocent,
775 2088 1000 2138 maestique
1019 2087 1163 2129 ferant
1181 2088 1386 2128 mandata
1408 2088 1613 2140 parentis.

464 2161 524 2200 At
539 2162 723 2199 Lausum
740 2158 845 2199 socii
869 2158 1113 2200 exanimem
1131 2169 1264 2212 super
1282 2169 1401 2199 arma
1427 2157 1622 2200 ferebant

411 2231 608 2277 Flentes,
632 2230 878 2282 ingentem,
903 2235 1032 2282 alque
1049 2229 1217 2282 ingenti
1237 2230 1421 2271 vulnere
1437 2230 1618 2271 victum.

411 2298 635 2350 Adgnovit
657 2299 787 2351 longe
805 2300 1018 2351 gemitum
1036 2309 1230 2351 praesaga
1250 2298 1350 2339 mali
1370 2308 1507 2339 mens.

410 2369 623 2411 Canitiem
641 2370 779 2411 multo
795 2367 1013 2411 deformat
1030 2370 1233 2422 pulvere,
1256 2370 1301 2411 et
1319 2367 1465 2410 ambas

412 2438 478 2480 Ad
498 2439 658 2483 osclum
680 2440 817 2482 tendit
837 2441 999 2494 palmas
1018 2473 1023 2490 ,
1050 2442 1093 2482 et
1110 2450 1297 2492 corpore
1316 2437 1513 2480 inhaeret.
