1917 2942
394 318 470 357 332
919 324 1171 364 AENEtDOS
1624 330 1699 371 27ss

450 405 579 445 Haud
597 407 743 447 tamen
764 405 918 449 audaci
934 411 1084 451 Turno
1104 411 1265 453 fiducia
1284 413 1412 455 cessit

396 471 545 514 Litora
563 475 836 527 praecipere,
857 479 901 518 et
913 478 1141 521 venientes
1160 481 1322 534 pellere
1344 487 1475 523 terra.

396 539 540 588 (Ultro
561 543 730 584 animos
756 543 872 586 tollit
891 545 1018 589 dictis
1037 578 1047 597 ‚
1070 553 1198 601 atque
1217 549 1419 604 increpat
1435 551 1554 593 ultro
1572 554 1604 601 :)

450 624 467 646 ι
487 611 614 661 Quod
637 613 750 654 votis
765 616 973 667 optastis.
996 617 1142 664 adest,
1163 618 1439 672 perfringere
1459 620 1628 663 dextra.

394 682 446 720 ln
462 681 663 724 manibus
683 686 798 725 Mars
816 684 908 737 ipse
921 716 931 731 ‚
948 687 1047 727 viri.
1068 689 1198 731 Nunc
1216 691 1418 742 conjngis
1437 695 1531 733 esto

395 749 588 802 Quisque
606 763 695 793 suae
716 754 907 807 tectique
923 767 1095 798 memor
1114 773 1123 797 z
1145 769 1266 800 nunc
1285 770 1447 812 magna
1465 760 1630 803 referto

394 822 527 861 Facta
548 824 721 875 patrum
739 854 749 871 ,
771 824 938 868 laudes.
961 827 1089 869 Ultro
1110 839 1394 871 occurramus
1416 830 1471 872 ad
1491 831 1654 873 undam
1671 862 1686 877 ,.

397 892 511 931 Dum
532 892 694 944 trepidi
712 895 961 948 egressique
981 896 1133 939 labant
1153 899 1337 951 vestigia
1357 900 1513 952 prima.

397 959 623 1003 Audentes
644 963 840 1004 Fortuna
854 965 996 1014 Juvat.
1020 981 1036 1002 υ
1416 999 1424 1004 ,

398 1034 501 1071 Haec
521 1032 604 1078 ait,
628 1036 672 1074 et
686 1043 834 1074 secum
852 1038 1024 1081 versat,
1045 1047 1152 1089 quos
1169 1037 1334 1080 ducere
1351 1043 1507 1081 contra
1524 1072 1531 1087 ,

397 1100 475 1142 Vel
498 1101 653 1154 quibus
669 1102 866 1145 obsessos
884 1105 1023 1158 possit
1040 1106 1312 1149 concredere
1331 1118 1497 1150 muros.

449 1172 621 1213 interea
641 1175 796 1213 AEneas
817 1175 959 1215 socios
981 1173 1035 1216 de
1056 1174 1275 1229 puppibus
1295 1175 1390 1217 altis

398 1241 611 1282 Pontibus
631 1244 836 1294 exponit:
855 1243 983 1284 multi
1000 1254 1174 1286 servare
1193 1255 1393 1286 recursus

398 1309 667 1360 Languentis
687 1311 832 1363 pelagi
851 1342 861 1361 ,
884 1316 928 1354 et
943 1312 1146 1353 brevibus
1165 1323 1210 1354 se
1227 1313 1408 1355 credere
1422 1313 1533 1354 saltu
1552 1327 1562 1358 ς

396 1380 482 1419 Per
499 1389 644 1420 remos
665 1380 751 1421 alii.
770 1381 1027 1433 Speculatus
1045 1381 1177 1424 litora
1195 1382 1389 1428 Tarcho,

395 1450 491 1497 Qua
512 1447 626 1489 vada
638 1460 734 1490 non
752 1451 940 1503 spirant.
963 1461 1046 1494 nec
1062 1449 1198 1493 fracta
1219 1453 1523 1493 remurmurat
1538 1452 1682 1495 unda„

397 1517 482 1559 Sed
502 1529 623 1560 mare
643 1518 912 1561 inoffensum
933 1521 1149 1562 crescenti
1169 1520 1389 1563 adlabitur
1409 1524 1539 1567 aestu;

399 1586 604 1631 Advertit
623 1589 768 1631 subito
787 1600 939 1642 proras
959 1622 967 1637 ,
988 1592 1217 1644 sociosque
1235 1594 1445 1644 precatur
1471 1608 1480 1632 z

402 1671 419 1693 α
439 1658 590 1709 Nunc,
611 1669 637 1699 o
655 1658 769 1701 lecta
788 1670 971 1705 manus,
990 1660 1148 1702 validis
1168 1660 1409 1706 incumbite
1428 1660 1559 1702 remis
1572 1677 1586 1708 ;,

400 1728 556 1770 Tollite
575 1758 584 1773 ,
608 1727 718 1770 ferte
734 1733 849 1771 rates
869 1745 879 1777 ;
905 1729 1134 1771 inimicam
1154 1728 1306 1772 findite
1322 1731 1475 1772 rostris

399 1800 525 1841 Hanc
544 1800 729 1845 terram,
749 1799 1010 1852 sulcumque
1025 1799 1105 1840 sibi
1124 1802 1295 1852 premat
1311 1800 1403 1852 ipsa
1422 1799 1587 1841 carina.

397 1872 618 1921 Frangere
636 1880 721 1912 nec
740 1870 817 1912 tali
838 1871 1019 1924 puppim
1039 1870 1229 1911 statione
1247 1881 1405 1912 recuso
1418 1900 1428 1917 ,

400 1938 595 1993 Adi-epta
609 1940 768 1982 tellure
785 1941 936 1982 semel.
957 1954 975 1977 ι)
999 1942 1104 1990 Quae
1128 1939 1230 1981 talia
1251 1945 1495 1993 postquam

398 2009 568 2053 Effatus
585 2010 781 2060 Tarcho,
804 2012 911 2053 socii
930 2022 1198 2062 consurgere
1218 2013 1378 2057 tonsis,

399 2083 751 2134 Spumantesque
772 2083 888 2122 rates
908 2080 1022 2121 arvis
1043 2079 1206 2123 inferre
1228 2081 1420 2129 Latinis;

402 2152 551 2194 Donec
570 2154 711 2193 rostra
725 2154 882 2192 tenent
898 2151 1087 2197 siccum,
1109 2153 1153 2192 et
1169 2151 1322 2193 sedere
1340 2152 1515 2193 carinae

402 2223 565 2263 Omnes
584 2221 805 2261 innocuae.
823 2220 906 2262 Sed
924 2231 1017 2261 non
1039 2221 1197 2275 puppis
1219 2222 1294 2262 tua
1312 2253 1320 2269 ,
1340 2221 1533 2267 Tarcho;

402 2293 598 2344 Namque
612 2322 621 2339 ,
647 2291 816 2333 inflicta
835 2292 956 2332 vadis
976 2290 1107 2333 dorso
1123 2291 1228 2334 dum
1246 2291 1415 2344 pendet
1430 2290 1608 2342 iniqu‹·›.,

405 2366 601 2414 Anceps.
620 2364 861 2403 sustentata
881 2361 980 2407 diu.
1005 2360 1246 2414 fluctusque
1267 2358 1445 2413 fatigat;

404 2431 609 2476 Solvitur,
633 2436 759 2486 atque
779 2432 894 2472 viros
916 2430 1068 2472 inediis
1090 2430 1265 2482 exponit
1289 2431 1331 2472 in
1352 2430 1479 2472 undis
1503 2442 1507 2461 τ
