1917 2942
319 319 393 358 170
847 317 1105 356 AENEIDOS

317 402 475 451 Quales
490 400 699 454 mugitus,
720 400 831 452 fugit
850 412 986 453 quum
1006 402 1180 444 saucius
1202 413 1321 444 aram

316 474 502 514 Taurus,
525 472 568 510 et
586 469 802 510 ,incertam
818 470 1007 510 excussit
1024 470 1196 511 cervice
1211 470 1414 512 securim.

316 543 374 580 At
392 538 556 591 gemini
574 537 698 591 lapsu
714 537 900 579 delubra
919 537 975 578 ad
989 550 1161 580 summa
1178 538 1394 581 dracones

318 606 564 659 Effugiunt‚
597 617 813 658 saevaeque
831 609 992 659 petunt
1009 606 1250 648 'tritonidis
1271 618 1417 650 arcem
1435 623 1444 652 ;

316 678 404 718 Sub
425 675 697 729 pedibusque
715 673 806 716 deae
824 675 1040 728 clipeique
1062 678 1143 718 sub
1162 676 1267 719 orbe
1290 679 1512 728 teguntur.

366 750 481 787 Tum
495 756 601 787 vero
618 743 875 787 tremefacta
893 756 1037 786 novus
1058 757 1136 799 per
1156 752 1334 800 pectora
1354 748 1525 789 cunctis

316 817 514 859 insinuat
532 826 697 869 pavor3
720 819 763 856 et
782 816 923 857 scelus
940 816 1197 870 expendisse
1214 820 1456 859 merentem

318 891 574 929 Laocoonta
594 885 757 931 serunt,
781 897 958 927 sacrum
980 886 1053 938 qui
1074 886 1255 939 cuspide
1282 886 1421 928 robur

321 959 514 1004 Laeserit,
535 961 575 999 et
593 958 720 1008 tergo
736 958 997 999 sceleratam
1017 958 1243 999 intorserit
1258 959 1443 1000 hastam.

319 1026 583 1070 Ducendum
603 1024 658 1066 ad
672 1024 796 1068 sedes
815 1026 1113 1073 simulacrum,
1136 1026 1389 1080 orandaque
1408 1026 1520 1067 diva*r

318 1095 508 1137 Numina
526 1092 822 1135 conclamant.

318 1163 567 1206 Dividimus
585 1174 748 1209 muros,
769 1163 813 1204 et
834 1163 997 1204 moenia
1014 1163 1249 1216 pandimus
1268 1164 1400 1205 urbis.

318 1232 578 1285 Adcingunt
598 1243 751 1274 omnes
771 1232 892 1286 operi
911 1262 921 1277 ,
943 1232 1217 1286 pedibusque
1231 1235 1428 1275 rotarum

318 1301 567 1353 subjiciunt
583 1301 729 1354 lapsus
747 1331 756 1353 ‚
778 1303 822 1341 et
837 1297 1024 1354 stuppea
1042 1301 1219 1343 vincula
1242 1303 1358 1344 collo

311 1369 578 1413 Intendunt.
597 1369 776 1411 Scandit
789 1368 928 1411 fatalis
946 1369 1152 1411 machina
1169 1381 1318 1412 muros
1330 1401 1339 1418 ‚

314 1442 422 1481 Feta
441 1438 587 1479 armis.
606 1437 737 1479 Pueri
754 1437 922 1479 circum
939 1438 1229 1491 innuptaeque
1251 1438 1404 1491 puellae

315 1513 447 1552 Sacra
466 1510 655 1554 canunt,
678 1507 919 1561 iunemque
936 1519 1072 1549 manu
1092 1509 1352 1560 contingere
1368 1507 1574 1561 gaudent.

313 1581 396 1623 Illa
411 1579 526 1621 subit
543 1610 552 1626 ‚
571 1578 817 1631 inediaeque
831 1579 1005 1620 minans
1024 1579 1218 1620 illabitur
1235 1580 1351 1622 urbi.

317 1652 353 1690 Ο
373 1650 542 1704 patria!
565 1660 591 1690 o
613 1648 766 1691 divum
781 1649 939 1690 domus
955 1649 1110 1690 Ilium!
1131 1652 1174 1690 et
1193 1649 1360 1701 inclyta
1376 1649 1492 1690 bello

315 1721 478 1762 Moenia
494 1719 820 1761 Dardanidum!
841 1721 1000 1773 quater
1017 1721 1114 1773 ipso
1130 1720 1175 1760 in
1191 1719 1343 1762 limine
1359 1721 1498 1772 portfe

309 1790 535 1835 Substitit,
555 1791 687 1841 atque
704 1791 832 1830 utero
848 1790 1045 1829 sonitum
1065 1791 1220 1840 quater
1235 1799 1355 1829 arma
1375 1787 1551 1831 dedere.

312 1861 532 1900 Instamus
552 1860 699 1899 tamen
720 1857 1002 1899 immemores
1021 1888 1030 1904 ‚
1050 1857 1243 1910 caecique
1263 1856 1432 1904 surore3

307 1931 363 1968 Et
376 1930 624 1970 monstrum
641 1926 792 1969 infelix
808 1931 977 1969 sacrata
991 1927 1182 1969 s³stimus
1208 1938 1323 1970 arce.

307 2001 432 2039 'runc
451 1999 586 2039 etiam
608 1996 704 2038 tatis
733 1996 1130 2054 apeisstssassandra
1146 1996 1302 2038 futuris

302 2072 410 2115 ΩΨ,
433 2067 504 2109 dei
518 2071 639 2116 jussu
658 2078 749 2109 non
764 2079 962 2121 unquam
984 2067 1153 2127 credita
1169 2069 1363 2110 Teucris.

307 2140 397 2179 Nos
417 2136 601 2179 delubra
617 2135 750 2178 desim
765 2137 941 2185 miseri,
960 2137 1119 2189 qmbus
1136 2137 1316 2178 ultimus
1334 2142 1446 2180 esset

305 2209 383 2250 Ille
404 2207 518 2255 dies,
543 2206 652 2249 festa
671 2207 869 2249 velamus
887 2206 1046 2249 fronde
1068 2219 1146 2262 per
1160 2208 1333 2249 urbem.

306 2277 502 2318 Vertitur
521 2276 693 2318 interea
711 2275 897 2323 coelum,
919 2281 964 2318 et
979 2276 1071 2318 ruit
1092 2287 1262 2318 oceano
1284 2288 1371 2318 nox
1390 2308 1399 2323 ,

304 2348 539 2389 Involvens
556 2347 710 2390 umbra
727 2357 888 2399 magna
910 2349 1158 2400 terramque
1177 2348 1419 2402 polumque
1438 2379 1445 2393 ,

300 2416 723 2471 'Myrmidonumque
744 2416 868 2459 dolos
892 2433 901 2455 t
925 2416 1007 2458 fusi
1027 2428 1104 2470 per
1129 2418 1291 2459 moenia
1311 2418 1469 2459 Teucri

1552 321 1573 356 [w

1577 320 1598 356 r-'A

1604 320 1627 356 ΩΙ
