1917 2942
800 347 947 385 vlixi.
1479 347 1526 384 45

224 439 272 482 in
296 436 355 481 iis
383 434 518 480 libris
540 433 759 493 quaedam
791 433 903 477 sunt
924 432 1084 476 minus
1107 432 1296 476 matura
1316 464 1330 483 ,
1355 432 1401 475 et
1420 443 1526 488 quae

221 515 452 561 leviorem
466 525 661 571 operam
679 512 910 571 arguunt.
929 510 1156 557 Absoluto
1175 509 1371 555 tandem
1388 509 1527 567 operi

221 593 276 638 ut
299 592 519 638 ultimam
538 602 739 637 manum
766 590 1063 648 imponeret,
1097 588 1145 634 in
1167 587 1408 635 Graeeiam
1440 601 1526 634 na-

223 671 429 729 vigavit,
452 669 537 715 ubi
564 682 650 727 per
672 668 829 715 otium
853 667 1033 715 abdere
1053 680 1101 714 se
1134 668 1291 714 totum
1306 667 1358 712 in
1374 667 1528 712 literis

223 750 398 807 posset.
440 748 534 796 Sed
555 761 705 807 quum
747 748 961 805 Augusto
981 759 1036 792 ex
1058 747 1213 793 insula
1249 746 1418 800 Sam0,
1442 745 1530 791 ubi

220 827 542 882 hiemaverat,
568 828 773 874 Romam
790 826 1056 872 revertenti
1076 825 1272 871 Athenis
1287 824 1527 871 occurris-

221 907 315 958 set,
336 920 431 952 una
453 919 565 951 cum
601 918 658 952 eo
681 905 842 952 redire
866 903 1035 951 statuit
1048 922 1062 959 ;
1084 904 1430 963 Megaramque
1450 903 1522 949 vi-

220 985 355 1031 sendi
385 998 524 1032 causa
548 984 796 1042 profectus
814 1016 827 1035 ,
859 983 910 1029 in
947 984 1052 1042 ipso
1091 982 1266 1029 itinere
1290 983 1526 1041 languore

221 1064 497 1119 correptus,
529 1064 669 1110 aucta
703 1075 792 1121 per
829 1061 1190 1121 navigationem
1225 1060 1525 1114 valetudine,

218 1140 550 1188 Brundusium
570 1141 646 1187 vix
668 1139 874 1198 adpulit,
903 1140 989 1185 ubi
1012 1139 1182 1186 diebus
1198 1138 1365 1197 paucis
1381 1138 1521 1191 obiit,

219 1220 405 1267 decimo
425 1221 535 1266 Kal.
560 1219 672 1266 Oet.
696 1220 839 1264 natus
862 1231 1014 1265 annos
1036 1230 1087 1271 L,
1109 1229 1299 1263 menses
1321 1231 1365 1261 xi
1385 1251 1398 1269 ,
1424 1215 1524 1263 dies

220 1313 282 1344 vu
299 1316 313 1352 ;
337 1298 394 1345 C.
417 1298 583 1347 Sentio
606 1297 873 1345 Saturnino
903 1298 950 1343 et
986 1297 1051 1355 Q.
1086 1296 1317 1342 Lucretio
1337 1295 1527 1353 Vespil-

218 1378 326 1423 lone
346 1375 480 1423 Coss.
498 1377 665 1435 Quum
687 1375 881 1435 gravari
897 1388 947 1421 se
968 1374 1141 1420 morbo
1153 1374 1353 1421 sentiret
1367 1407 1379 1426 ,
1401 1374 1522 1421 scri-

217 1455 297 1500 nia
320 1467 443 1512 saepe
463 1453 721 1513 flagitavit,
748 1454 1053 1500 crematurus
1076 1450 1280 1500 AEneida
1307 1470 1319 1499 :
1347 1452 1524 1511 quibus

218 1531 430 1591 negatis,
461 1533 751 1578 testamento
782 1531 1010 1578 comburi
1036 1530 1203 1590 jussit3
1240 1531 1422 1591 quippe
1447 1530 1525 1576 in-

217 1610 521 1656 emendatam
531 1609 944 1669 etimpersectam.
962 1609 1074 1663 Sed,
1095 1610 1260 1655 Tucca.
1279 1608 1525 1667 Varioque

216 1688 541 1740 monentibus,
559 1687 606 1733 id
628 1688 900 1747 Augustum
921 1687 1128 1733 minime
1148 1686 1521 1746 permissurum,

217 1767 391 1826 scripta
416 1780 500 1813 sua
536 1779 588 1812 ea
612 1766 890 1814 conditione
908 1766 1123 1826 legavit,
1146 1778 1207 1812 ne
1226 1766 1342 1823 quid
1376 1765 1524 1812 adde-

216 1848 348 1901 rent,
369 1860 425 1893 ao
447 1859 614 1893 versus
637 1847 782 1892 etiam
809 1846 1143 1905 imperfect.03‚
1169 1846 1209 1891 si
1231 1844 1314 1905 qui
1335 1846 1521 1900 essent,

215 1925 560 1984 relinquerent.
577 1924 604 1972 J
609 1925 729 1972 ussit
743 1937 848 1972 ossa
866 1938 951 1971 sua
966 1924 1224 1982 Neapolim
1244 1924 1519 1976 transferri,
1558 1947 1562 1950 ⁴

216 2001 299 2046 ubi
340 2003 423 2048 diu
458 2004 504 2049 et
542 2003 825 2050 suavissime
855 2004 1063 2050 vixerat.
1090 2002 1319 2061 Sepultus
1352 2004 1424 2048 est
1444 2002 1523 2049 via

217 2081 473 2129 Puteolana
489 2117 502 2135 ‚
558 2082 686 2128 intra
728 2080 938 2140 lapidem
984 2082 1279 2134 secund-unu
1325 2080 1524 2141 ejusque

216 2161 435 2218 sepulcro
472 2160 712 2208 distichon
765 2161 858 2207 hoe
903 2160 1206 2224 insculptum
1251 2161 1346 2213 est,
1391 2161 1523 2219 quod

216 2238 318 2297 ipse
353 2239 443 2285 sibi
481 2241 691 2287 extrema
728 2239 1005 2288 valetudine
1027 2239 1275 2299 scripsisse
1295 2238 1523 2297 perhibe-

220 2318 300 2364 tur
323 2334 334 2362 ε

348 2486 499 2521 Mantua
518 2494 580 2522 me
599 2486 731 2532 genuit
751 2497 759 2521 τ
781 2485 931 2524 Calabri
951 2496 1113 2533 rapuere
1133 2487 1260 2523 :tenet
1277 2494 1380 2521 nunc.
