1917 2942
681 385 685 393 .
723 349 1066 388 CATALEGTA.
1478 349 1548 388 52!

837 497 952 542 XIV
964 532 974 541 .

609 621 661 658 IN
694 620 926 658 OCTAVII
957 619 1207 658 MORTEM.

249 753 356 801 Quis
374 751 503 798 deus,
521 749 676 791 Octavi
694 779 702 795 ,
729 751 769 790 te
785 748 914 790 nobis
931 748 1146 791 abstulit?
1169 758 1225 788 an
1245 780 1253 795 ,
1281 759 1376 799 quae

306 821 492 865 Dicunt,
516 818 595 866 ah,
617 818 759 860 nimio
776 818 940 870 pocula
958 818 1070 858 dura
1090 828 1215 858 mero
1230 818 1249 857 .⁹

257 890 384 933 vebis
399 890 436 931 si
457 889 588 941 eulpa
603 891 670 931 est
688 888 788 930 bilis
806 902 815 925 ι
833 900 909 931 sua
928 899 1150 940 quemque
1165 889 1412 941 sequuntur

312 963 416 1002 Fata
438 976 448 999 z
467 959 588 1012 quod
608 958 815 1001 immeriti
837 959 1005 1000 crimen
1024 955 1189 998 habent
1210 956 1386 1007 cyathi?

258 1031 429 1083 Scripta
450 1026 629 1081 quidem
651 1030 728 1069 tua
746 1038 826 1068 nos
844 1026 1034 1068 multum
1057 1025 1337 1072 mirabimur.
1359 1031 1402 1069 et
1427 1030 1467 1067 te

312 1102 503 1153 Raptum
519 1130 530 1146 .
549 1100 594 1140 et
610 1100 860 1140 Romanam
881 1094 1084 1139 flebimus
1100 1096 1349 1138 historiam.

257 1169 345 1212 Sed
364 1173 412 1210 tu
429 1169 575 1211 nuilus
592 1167 693 1210 eris.
715 1166 941 1212 Pei-versi,
969 1164 1103 1206 dieite
1118 1194 1127 1211 ‚
1145 1167 1295 1208 Manes
1310 1197 1320 1213 ,

316 1243 448 1282 Hune
466 1247 691 1291 superesse
711 1236 824 1290 patri
842 1247 939 1289 (111ae
958 1233 1042 1276 fuit
1055 1232 1225 1275 invidia
1239 1236 1258 1275 t>

860 1385 972 1432 XV.

629 1511 677 1548 P.
709 1509 940 1549 VIRGILII
970 1509 1222 1548 MARONIS

366 1621 635 1657 FRAGMENTA
664 1622 716 1654 Ex
747 1622 959 1656 EPISTOLA
992 1623 1116 1664 QUAM
1148 1623 1206 1654 AD
1237 1622 1476 1655 AUGUSTUM

462 1690 673 1724 CAESAREM
698 1692 833 1725 SUPER
858 1692 1032 1724 AENEIDE
1059 1691 1141 1724 SUA
1169 1690 1388 1726 scluPslT.

322 1815 416 1864 Ego
436 1821 545 1853 vero
566 1809 815 1862 frequentes
832 1812 915 1853 ate
936 1810 1087 1854 literas
1104 1809 1291 1865 accipio.
1328 1814 1387 1854 Et
1410 1808 1551 1863 infra
1572 1823 1585 1851 .-

274 1884 340 1924 De
358 1885 490 1923 AEnea
513 1880 691 1934 quidem
710 1892 809 1923 meo
829 1912 839 1932 ,
863 1881 923 1930 si,
947 1893 1018 1924 me
1037 1881 1271 1930 Hercules,
1291 1884 1385 1933 jam
1403 1881 1590 1935 dignum

273 1951 453 1994 auribus
471 1951 682 1993 haberem
701 1952 788 1993 tuis
805 1982 815 1999 ,
837 1951 1031 1994 libenter
1047 1952 1283 1995 mitterem.
1314 1951 1401 1995 Sed
1417 1952 1589 1994 tantum

274 2022 482 2066 inchoata
510 2034 580 2065 res
612 2024 700 2070 est;
732 2024 782 2063 ut
812 2033 937 2076 paene
962 2022 1074 2065 vitio
1094 2023 1255 2065 mentis
1279 2023 1452 2065 tantum
1481 2033 1593 2076 opus

274 2093 496 2146 ingressus
521 2090 628 2132 mihi
647 2091 824 2134 videar:
850 2103 987 2146 quum
1009 2089 1279 2145 praesertim,
1308 2095 1358 2133 ut
1378 2092 1463 2134 seis
1482 2123 1490 2139 ‚
1511 2091 1596 2133 alia

277 2173 454 2216 quoque
488 2160 631 2203 studia
652 2154 706 2202 ad
726 2160 771 2202 id
799 2172 931 2213 opus,
955 2155 1190 2214 multoque
1209 2162 1410 2216 potiora,
1429 2161 1593 2214 imper-

277 2233 377 2274 tiar.
