1917 2942
337 341 414 380 260
833 341 1092 381 AENEIDOS
1560 344 1636 383 577

336 431 577 481 Postquam
590 437 768 470 omnem
786 427 874 468 laeti
892 437 1143 469 consessum
1161 427 1403 481 oculosque
1422 438 1606 485 suorum

334 501 597 542 Lustravere
614 500 660 539 in
679 499 826 550 equis3
846 498 1020 551 siguum
1038 499 1229 540 clamore
1244 498 1407 551 paratis

333 567 543 621 Epytides
563 567 694 620 longe
711 567 845 613 dedit,
865 555 1152 621 insonuitque
1173 567 1360 620 flagello.

333 638 419 680 Olli
442 637 690 680 discurrere
705 648 848 690 pares,
868 642 1001 690 atque
1021 638 1198 689 agmina
1213 639 1329 679 terni

335 707 539 750 Diductis
554 709 730 750 solvere
751 708 910 755 choris,
932 719 1169 761 rursusque
1188 709 1334 751 vocati

334 781 603 820 Convertere
621 779 728 825 vias,
750 776 994 829 infestaque
1019 777 1104 818 tela
1123 777 1280 819 tulere.

333 847 445 888 Inde
464 846 573 888 alios
595 847 752 888 ineunt
772 858 939 892 cursus,
965 846 1163 898 aliosque
1185 856 1388 888 recursus

337 916 542 958 Adversis
556 915 720 968 spatiis,
738 915 1020 968 alternosque
1041 916 1221 957 orbibus
1238 917 1368 958 orbes

337 983 603 1039 impediunt,
629 995 879 1039 pugnaeque
899 986 1017 1027 cient
1034 986 1267 1027 simulacra
1284 986 1364 1028 sub
1381 986 1511 1027 armis
1528 1003 1539 1031 ;

336 1059 391 1099 Et
410 1067 531 1098 nunc
553 1057 674 1107 terga
691 1054 795 1107 fuga
814 1057 1009 1102 nudant3
1028 1066 1150 1096 nunc
1170 1057 1338 1108 spicula
1351 1058 1531 1097 vertunt

335 1124 499 1167 Insensi
522 1141 531 1165 ε
553 1124 670 1165 facta
689 1126 856 1178 pariter
871 1134 991 1165 nunc
1013 1135 1122 1177 pace
1146 1123 1363 1166 feruntur.

388 1196 446 1234 Ut
465 1193 692 1245 quondam
711 1195 838 1235 Creta
860 1190 997 1235 fertur
1020 1193 1293 1244 labyrinthus
1309 1193 1354 1233 in
1371 1194 1455 1234 alta

338 1264 585 1305 Parietibus
604 1266 770 1305 textum
791 1264 917 1305 caecis
938 1263 1036 1311 iter,
1060 1263 1387 1317 ancipitemque

337 1334 453 1376 Mille
472 1334 555 1375 viis
571 1333 773 1375 habuisse
790 1332 956 1381 dolum,
980 1345 1066 1386 qua
1081 1334 1206 1385 signa
1225 1332 1438 1386 sequendi

337 1405 525 1447 Falleret
542 1403 837 1458 indeprensus
857 1405 901 1445 et
916 1404 1204 1445 irremeabilis
1222 1415 1361 1445 error.

337 1474 469 1516 Haud
489 1475 575 1516 alio
594 1473 811 1517 Teucrum
828 1475 921 1515 nati
939 1474 1122 1527 vestigia
1141 1485 1272 1515 cursu

335 1542 604 1596 Impediunt,
625 1544 862 1595 texuntque
883 1541 1005 1594 fugas
1025 1548 1068 1585 et
1087 1543 1238 1595 praelia
1251 1539 1384 1590 ludo;

339 1612 605 1666 Delphinum
622 1612 798 1658 similes,
821 1613 898 1664 qui
916 1623 992 1662 per
1007 1613 1146 1652 maria
1161 1610 1345 1652 humida
1361 1609 1511 1652 nando

337 1682 624 1737 Carpathium
642 1683 942 1734 Libycumque
961 1684 1123 1728 secant,
1140 1681 1387 1734 luduntque
1401 1693 1480 1736 per
1495 1681 1650 1722 undas.

338 1754 378 1791 H
385 1762 472 1793 unc
483 1762 668 1797 morem,
686 1749 765 1792 hos
782 1762 949 1797 cursus,
967 1753 1099 1804 atque
1110 1750 1202 1792 haec
1218 1751 1652 1805 certamina,primus

338 1820 563 1868 Ascanius,
584 1820 766 1873 longam
784 1821 922 1861 muris
941 1832 1078 1873 quum
1098 1821 1295 1873 cingeret
1314 1822 1488 1867 Albam,

337 1890 519 1938 Retulit,
542 1893 586 1934 et
601 1891 766 1944 priscos
787 1890 939 1932 docuit
956 1891 1179 1933 celebrare
1198 1892 1390 1938 Latinos,

338 1962 436 2010 Quo
455 1970 565 2013 puer
579 1959 673 2012 ipse
693 1958 842 2005 modo,
860 1969 1010 2001 secum
1029 1970 1116 2012 quo
1136 1961 1265 2000 Troia
1288 1960 1439 2014 pubes.

338 2029 495 2070 Albani
516 2029 710 2071 docuere
730 2040 830 2070 suos
852 2045 862 2068 ε
885 2029 988 2069 binc
1008 2030 1198 2070 maxima
1215 2040 1349 2083 porro

327 2094 529 2152 vAdcepit
543 2102 695 2145 Roma,
715 2101 759 2141 et
779 2100 971 2152 patrium
987 2099 1179 2141 servavit
1194 2098 1412 2140 honorem
1429 2115 1438 2145 ;

337 2170 553 2221 'trojaque
572 2180 706 2217 nunc,
725 2170 866 2221 pueri,
888 2162 1126 2219 Trojanum
1146 2168 1304 2209 dicitur
1320 2178 1491 2220 agmen.

338 2242 434 2281 -Hac
454 2238 672 2280 celebrata
688 2242 816 2281 tenus
835 2242 987 2280 sancto
1013 2240 1255 2281 certamina
1269 2238 1400 2292 patri.

392 2307 472 2350 Hic
486 2308 679 2362 primuni
692 2311 887 2351 Fortuna
906 2307 1038 2351 fidem
1056 2310 1222 2350 mutata
1242 2308 1437 2351 novavit.

339 2382 457 2419 Dum
475 2378 607 2419 variis
631 2379 798 2419 tumulo
821 2376 1021 2420 reierunt
1040 2377 1253 2420 solemnia
1273 2376 1401 2422 ludis,

338 2448 442 2489 irim
460 2446 514 2490 de
534 2448 645 2490 cerlo
662 2447 783 2490 misit
798 2448 1000 2490 Saturnia
1016 2452 1135 2490 Juno
