1917 2942
211 305 286 344 6614
707 307 871 346 LIBER
898 307 991 347 XII.
1441 307 1518 347 469

215 393 371 433 Ferrea
390 406 400 430 z
422 393 469 432 tu
486 401 669 434 currum
688 391 861 435 deserto
877 393 923 433 in
940 392 1140 445 gramine
1157 403 1317 435 versas.
1339 407 1355 429 ι

266 460 502 515 Obstupuit
519 462 640 503 varia
657 461 865 504 confusus
885 462 1078 515 imagine
1097 473 1246 504 rerum

215 531 410 580 Turnus,
431 532 478 572 et
495 530 653 572 obtutu
676 532 809 573 tacito
825 532 960 573 stetit.
982 534 1146 572 AEstunt
1165 533 1320 583 ingens

216 599 311 638 Uno
324 598 372 639 in
388 598 521 641 corde
540 599 700 652 pudor.
722 600 948 653 mixtoque
967 601 1136 642 insania
1152 600 1296 647 luctu,

213 668 268 707 Et
290 665 410 708 furiis
429 669 614 720 agitatus
635 680 774 719 amor,
798 672 842 711 et
860 669 1033 711 conscia
1051 670 1201 710 virius.

215 738 272 776 'Ut
288 737 481 790 primum
501 736 703 779 discussae
726 737 920 784 umbrae,
942 741 985 781 et
1001 739 1074 779 lux
1096 738 1269 779 reddIta
1286 738 1448 786 meuti3

215 807 429 848 Ardentes
456 807 685 847 oculorum
707 806 833 849 orbes
856 805 910 848 ad
932 808 1097 848 nioenia
1114 809 1245 849 torsit

214 873 431 915 Turbidus
442 903 453 924 ,
478 886 590 927 eque
606 876 713 916 rotis
733 886 940 927 magnam
956 877 1146 928 respexit
1162 876 1216 917 ad
1232 876 1403 918 urbem.

265 947 378 986 Ecce
395 946 542 986 autem
558 975 570 991 ‚
586 944 775 987 flammis
793 945 909 987 inter
926 945 1118 988 tabulata
1138 947 1315 988 volutus

218 1012 282 1055 Ad
300 1015 462 1057 coelum
480 1014 677 1057 undabat
693 1019 871 1060 vortex.
896 1016 1142 1068 turrimque
1159 1016 1364 1058 tenebat:

216 1084 391 1123 Turrim
409 1113 418 1130 ,
442 1084 684 1136 compactis
707 1082 900 1125 trabibus
914 1095 1047 1137 quam
1067 1084 1381 1139 eduxeratipse
1399 1116 1409 1134 ‚

216 1153 563 1205 Subdideratque
578 1157 717 1204 rotas,
739 1157 983 1208 pontesque
1006 1156 1273 1198 instraverat
1293 1156 1418 1197 altos.

221 1237 237 1259 ι(
256 1226 352 1263 ,Iam
368 1225 460 1274 jam
476 1221 562 1265 fata
580 1255 588 1269 ,
614 1234 755 1272 soror,
777 1227 1007 1278 super-ann
1026 1225 1183 1267 absiste
1200 1226 1363 1267 morari
1380 1244 1391 1275 ;

221 1295 316 1343 Quo
333 1291 439 1335 deus
458 1325 469 1342 ,
489 1296 532 1334 et
553 1303 641 1346 quo
659 1292 770 1336 dura
787 1296 917 1336 vocat
937 1296 1156 1343 Fortuna,
1176 1306 1426 1348 sequamur.

219 1363 311 1404 Stat
326 1361 530 1405 conferre
546 1375 728 1405 manum
748 1367 908 1411 AEneae;
927 1367 1027 1411 stat,
1047 1365 1262 1418 quidquid
1282 1367 1424 1408 acerbi
1444 1368 1523 1414 est,

219 1435 357 1474 Morte
376 1433 466 1486 pati
489 1448 498 1472 :
519 1445 603 1476 nec
626 1445 695 1476 me
715 1433 969 1477 indecorem
992 1466 1000 1482 ‚
1023 1445 1257 1487 germana,
1280 1436 1449 1478 videbis

221 1502 438 1557 Amplius.
470 1506 599 1545 Hune
618 1536 626 1551 ‚
649 1515 753 1552 oro,
775 1506 870 1546 sine
890 1516 960 1547 me
982 1505 1128 1547 furere
1150 1509 1251 1548 ante
1271 1505 1482 1549 furorem.
1504 1523 1520 1543 ι»

221 1573 362 1624 Dixit,
383 1577 428 1615 et
443 1584 467 1615 e
486 1584 619 1615 curru
638 1575 798 1616 saltum
827 1575 947 1616 dedit
966 1585 1102 1629 ocyus
1121 1577 1236 1618 arvis
1253 1593 1262 1623 ;

221 1642 392 1694 Perque
407 1640 579 1690 hostes,
599 1654 679 1695 per
701 1644 782 1684 tela
803 1645 919 1688 ruit:
947 1647 1233 1699 maestamque
1250 1644 1449 1688 sororem

221 1710 415 1760 Deserit,
439 1723 488 1753 ac
503 1711 659 1766 rapido
678 1724 809 1755 cursu
828 1713 975 1755 media
990 1715 1165 1768 agmina
1186 1716 1368 1770 rumpit.

222 1782 285 1821 Ac
299 1781 458 1826 veluti.
482 1783 645 1824 montis
660 1794 810 1824 saxum
825 1783 878 1825 cle
901 1786 1065 1826 vertice
1083 1795 1278 1839 prce-ceps

223 1853 365 1900 Quum
386 1852 499 1898 ruit,
524 1853 723 1894 avulsum
743 1859 902 1899 vento,
925 1864 1002 1895 seu
1028 1853 1223 1895 turbidus
1242 1855 1385 1897 imber

224 1919 396 1961 Proluit
413 1953 421 1968 ‚
444 1923 520 1962 aut
538 1921 663 1963 annis
678 1921 810 1963 solvit
827 1921 1030 1976 sublapsa
1050 1924 1240 1964 vetustas
1256 1954 1264 1969 .

226 1991 380 2031 Fertur
399 1991 446 2031 in
468 1990 704 2045 abruptum
722 2003 883 2045 magno
902 2003 1026 2032 mons
1044 1991 1272 2046 improbus
1292 1995 1415 2039 actu.

225 2060 504 2113 Exsultatque
521 2061 642 2109 solo,
664 2062 821 2108 silvas.
844 2065 1043 2103 armenta
1059 2092 1068 2108 ‚
1087 2062 1295 2114 virosque

226 2129 457 2172 Involvens
472 2141 646 2172 seeum:
669 2131 849 2182 disjecta
869 2143 946 2184 per
965 2132 1140 2181 agmina
1157 2134 1329 2173 'furnus

226 2197 294 2239 Sie
309 2198 427 2240 urbis
444 2200 534 2240 ruit
551 2198 604 2240 ad
621 2210 793 2247 muros,
813 2199 889 2240 ubi
911 2199 1101 2254 plurima
1120 2199 1215 2243 suso

227 2269 444 2321 Sanguine
459 2273 577 2312 >terra
591 2269 762 2318 madet,
784 2269 1063 2323 striduntque
1081 2269 1313 2312 hastilibus
1335 2281 1474 2317 aurae:

226 2338 538 2392 Signilicatque
558 2352 692 2382 manu
711 2374 719 2385 ,
737 2344 782 2383 et
802 2351 963 2393 magno
982 2341 1111 2383 simul
1127 2342 1283 2393 incipit
1301 2350 1378 2382 ore
1397 2358 1406 2380 :

234 2422 249 2444 ιι
273 2409 444 2450 Parcite
458 2410 575 2461 jam,
597 2409 741 2452 Rutuli
758 2426 768 2458 ;
788 2413 830 2453 et
849 2422 926 2452 vos
948 2410 1030 2454 tela
1052 2411 1267 2458 inhibete,
1299 2413 1460 2458 Latum
