1917 2942
251 305 327 344 615
780 304 943 344 LIBER
977 306 1029 345 11.
1490 315 1560 351 iffi

250 391 399 433 Prima
417 392 561 437 tenet,
580 390 838 444 sociumque
854 389 1001 433 furens
1018 403 1042 433 a
1059 393 1242 435 navibus
1263 406 1419 447 agmen

251 463 386 502 Ferro
404 458 498 500 adei
507 460 607 500 ncta
628 462 773 501 vocat.

301 531 399 568 ,Iam
415 538 606 569 summas
627 537 748 570 arces
767 527 966 570 Tritonia
987 559 996 575 ,
1013 529 1205 582 respice,
1227 531 1370 573 Pallas
1413 553 1419 559 ’-

251 596 444 643 Insedit,
461 596 614 637 nimbo
633 593 849 648 effulgens
863 600 907 638 et
921 599 1130 650 Gorgone
1149 610 1360 647 saevffi„

185 681 192 683 -
253 669 348 719 lpse
366 668 492 720 pater
511 664 673 707 Danais
692 666 863 707 animos
876 666 1081 719 viresque
1100 669 1314 711 secundas

251 733 447 778 Sufficit:
469 736 561 789 ipse
581 735 685 778 cleos
701 735 748 776 in
766 736 973 778 Dardana
992 736 1172 778 suscitat
1190 749 1327 779 arma.

250 804 405 859 Eripe,
427 810 547 856 nate,
561 804 711 856 *fugam
724 836 734 853 ,
755 801 979 857 finemque
999 805 1177 859 impone
1196 807 1353 849 labori.

252 876 474 927 Nusquam
492 874 626 915 abero
641 904 650 921 ,
670 877 715 915 et
732 876 875 915 tutum
892 876 1037 927 patrio
1058 878 1098 917 te
1114 875 1266 919 limine
1280 877 1442 919 sistam.
1454 894 1469 914 ι

304 944 509 990 Dixerat;
531 945 576 984 et
594 943 737 995 spissis
755 944 898 984 noetis
912 955 956 983 se
979 943 1181 985 condidit
1206 946 1390 986 umbris.

254 1011 483 1067 Adparent
497 1013 539 1053 di
548 1024 605 1055 ree
625 1011 756 1055 facies
777 1045 785 1061 ,
804 1012 1072 1065 inimicaque
1090 1016 1233 1065 Trojae

251 1083 445 1123 Numina
464 1092 623 1134 magna
637 1081 785 1124 deum.

301 1154 413 1193 Tum
431 1163 537 1193 vero
555 1162 686 1193 omne
705 1150 809 1191 mihi
827 1151 971 1192 visum
991 1150 1222 1193 considere
1239 1151 1284 1193 in
1305 1152 1429 1205 ignes

254 1222 400 1267 ilium,
425 1224 469 1263 et
487 1223 644 1263 eximo
661 1221 777 1263 verti
789 1222 1009 1274 Neptunia
1025 1223 1183 1273 Troja:

251 1294 316 1334 Ac
329 1290 464 1334 veluti
486 1321 497 1340 ,
517 1292 698 1334 summis
719 1293 945 1344 antiquam
959 1293 1007 1332 iu
1029 1292 1252 1334 montibus
1271 1303 1432 1335 ornum

250 1364 396 1410 Quum
410 1360 528 1403 ferro
547 1361 738 1403 adcisam
759 1361 1010 1414 crebrisque
1025 1361 1290 1416 bipennibus
1306 1363 1474 1405 instant

249 1435 418 1473 Eruere
437 1431 641 1483 agricolas
661 1432 889 1479 certatim3
907 1431 980 1473 illa
1001 1442 1139 1483 usque
1157 1431 1274 1472 minu
1283 1434 1365 1480 tur,

250 1505 304 1542 Et
325 1499 580 1543 tremefacta
598 1511 771 1543 comam
788 1510 1000 1542 concusso
1015 1500 1178 1542 vertice
1199 1503 1327 1542 nutat
1342 1518 1352 1550 ;

260 1571 522 1612 Vulneribus
540 1570 683 1613 donec
702 1569 916 1623 paulatim
935 1570 1099 1614 evicta,
1122 1581 1378 1623 supremum

252 1641 516 1693 congemuit
528 1672 537 1688 ‚
562 1641 778 1692 traxitque
793 1640 910 1691 jugis
925 1640 1075 1680 avulsa
1091 1640 1282 1681 ruinam.

254 1710 511 1758 Descende,
536 1722 615 1761 ac,
633 1709 824 1752 ducente
843 1709 948 1754 deo.
977 1706 1197 1751 flammam
1215 1712 1331 1754 inter
1347 1714 1391 1754 et
1407 1711 1553 1753 hostes

252 1779 472 1833 Expedior
491 1797 501 1821 ε
519 1780 627 1822 dant
642 1780 728 1822 tela
749 1781 919 1825 locum,
943 1778 1217 1832 flammaeque
1231 1779 1460 1822 recedunt.

308 1852 452 1902 Atque
468 1880 477 1897 ,
500 1849 573 1891 ubi
588 1852 678 1901 jam
696 1848 848 1902 patriae
863 1853 1129 1902 perventum
1151 1849 1205 1890 ad
1219 1849 1375 1891 limina
1388 1849 1524 1897 sedis,

257 1921 557 1972 Antiquusque
573 1919 730 1960 domos
745 1950 755 1969 ,
773 1919 964 1969 genitor,
981 1928 1113 1970 quem
1134 1918 1293 1960 tollere
1308 1918 1355 1959 in
1374 1919 1485 1960 altos

252 1989 469 2042 Optabam
489 1988 683 2041 primum
703 1989 898 2033 montes,
916 1988 1199 2041 primumque
1216 1987 1434 2040 petebam.

253 2058 451 2109 Abnegat
466 2057 608 2100 excisa
625 2058 758 2099 vitam
776 2056 1022 2111 producere
1037 2060 1188 2107 T1=oja,

251 2127 550 2180 Exsiliumque
565 2128 671 2181 pati.
693 2143 706 2162 a
727 2130 812 2169 Vos
829 2138 856 2167 o
872 2158 883 2178 ,
903 2127 1062 2179 quibus
1085 2128 1259 2180 integer
1277 2130 1358 2170 aevi

251 2197 434 2249 Sanguis
453 2227 462 2244 ,
486 2196 546 2237 ait
564 2228 570 2239 .
595 2195 835 2247 solidaeque
853 2206 935 2237 suo
953 2197 1073 2238 stant
1093 2196 1253 2239 robore
1269 2197 1409 2243 vires,

253 2270 360 2313 Vos,
386 2266 545 2313 agitate
561 2264 726 2318 fugam.

305 2340 372 2378 Me
391 2335 424 2377 si
444 2335 653 2379 coelicolae
672 2336 913 2377 voluissent
930 2334 1094 2378 ducere
1111 2336 1246 2378 vitam
1267 2369 1275 2384 ,

252 2410 338 2447 Has
358 2406 464 2447 mihi
480 2408 726 2449 servassent
743 2403 881 2447 sedes.
904 2406 1016 2447 Satis
1034 2417 1121 2446 una
1136 2417 1353 2459 superque
