<?xml version="1.0" encoding="UTF-8"?>
<!DOCTYPE html PUBLIC "-//W3C//DTD XHTML 1.0 Transitional//EN"
    "http://www.w3.org/TR/xhtml1/DTD/xhtml1-transitional.dtd">
<html xmlns="http://www.w3.org/1999/xhtml" xml:lang="en" lang="en">
 <head>
  <title>
</title>
<meta http-equiv="Content-Type" content="text/html;charset=utf-8" />
  <meta name='ocr-system' content='tesseract 3.04.00' />
  <meta name='ocr-capabilities' content='ocr_page ocr_carea ocr_par ocr_line ocrx_word'/>
</head>
<body>
  <div class='ocr_page' id='page_1' title='image "./publiivirgiliim01unkngoog_0209.png"; bbox 0 0 1917 2942; ppageno 0'>
   <div class='ocr_carea' id='block_1_1' title="bbox 296 343 1614 388">
    <p class='ocr_par' dir='ltr' id='par_1_1' title="bbox 296 343 1614 388">
     <span class='ocr_line' id='line_1_1' title="bbox 296 343 1614 388; baseline 0.001 -5"><span class='ocrx_word' id='word_1_1' title='bbox 296 349 374 388; x_wconf 59' lang='lat'>456</span> <span class='ocrx_word' id='word_1_2' title='bbox 814 343 983 384; x_wconf 85' lang='lat' dir='ltr'>LIBER</span> <span class='ocrx_word' id='word_1_3' title='bbox 1013 343 1092 383; x_wconf 87' lang='lat'><em>111.</em></span> <span class='ocrx_word' id='word_1_4' title='bbox 1536 347 1614 387; x_wconf 69' lang='lat'>2055</span> 
     </span>
    </p>
   </div>
   <div class='ocr_carea' id='block_1_2' title="bbox 232 427 1630 2504">
    <p class='ocr_par' dir='ltr' id='par_1_2' title="bbox 294 427 1612 689">
     <span class='ocr_line' id='line_1_2' title="bbox 296 427 1536 483; baseline -0.001 -11"><span class='ocrx_word' id='word_1_5' title='bbox 296 435 446 474; x_wconf 87' lang='lat' dir='ltr'>Unum</span> <span class='ocrx_word' id='word_1_6' title='bbox 465 431 574 475; x_wconf 88' lang='lat' dir='ltr'>illud</span> <span class='ocrx_word' id='word_1_7' title='bbox 596 429 673 472; x_wconf 88' lang='lat' dir='ltr'>tibi</span> <span class='ocrx_word' id='word_1_8' title='bbox 691 460 701 481; x_wconf 87' lang='lat'>‚</span> <span class='ocrx_word' id='word_1_9' title='bbox 721 431 824 472; x_wconf 85' lang='lat' dir='ltr'>nate</span> <span class='ocrx_word' id='word_1_10' title='bbox 844 429 949 475; x_wconf 83' lang='lat' dir='ltr'>dea.</span> <span class='ocrx_word' id='word_1_11' title='bbox 971 439 1151 483; x_wconf 81' lang='lat' dir='ltr'>praeque</span> <span class='ocrx_word' id='word_1_12' title='bbox 1170 427 1376 472; x_wconf 87' lang='lat' dir='ltr'>omnibus</span> <span class='ocrx_word' id='word_1_13' title='bbox 1396 440 1536 471; x_wconf 87' lang='lat' dir='ltr'>unum</span> 
     </span>
     <span class='ocr_line' id='line_1_3' title="bbox 297 499 1612 554; baseline 0 -12"><span class='ocrx_word' id='word_1_14' title='bbox 297 502 557 553; x_wconf 81' lang='lat' dir='ltr'>Praedicain‚</span> <span class='ocrx_word' id='word_1_15' title='bbox 574 504 618 543; x_wconf 85' lang='lat' dir='ltr'>et</span> <span class='ocrx_word' id='word_1_16' title='bbox 639 502 843 554; x_wconf 85' lang='lat' dir='ltr'>repetens</span> <span class='ocrx_word' id='word_1_17' title='bbox 862 500 1112 551; x_wconf 79' lang='lat' dir='ltr'><strong>iterumque</strong></span> <span class='ocrx_word' id='word_1_18' title='bbox 1129 499 1381 551; x_wconf 87' lang='lat' dir='ltr'>iterumque</span> <span class='ocrx_word' id='word_1_19' title='bbox 1394 500 1586 542; x_wconf 88' lang='lat' dir='ltr'>monebo</span> <span class='ocrx_word' id='word_1_20' title='bbox 1604 517 1612 546; x_wconf 69' lang='grc' dir='ltr'>ε,</span> 
     </span>
     <span class='ocr_line' id='line_1_4' title="bbox 294 566 1399 622; baseline -0.001 -13"><span class='ocrx_word' id='word_1_21' title='bbox 294 573 319 609; x_wconf 86' lang='lat' dir='ltr'>J</span> <span class='ocrx_word' id='word_1_22' title='bbox 326 571 485 612; x_wconf 80' lang='lat' dir='ltr'>unonis</span> <span class='ocrx_word' id='word_1_23' title='bbox 504 579 673 622; x_wconf 81' lang='lat' dir='ltr'>magnae</span> <span class='ocrx_word' id='word_1_24' title='bbox 686 570 879 621; x_wconf 83' lang='lat' dir='ltr'>primum</span> <span class='ocrx_word' id='word_1_25' title='bbox 896 578 1025 621; x_wconf 80' lang='lat' dir='ltr'>prece</span> <span class='ocrx_word' id='word_1_26' title='bbox 1045 578 1212 609; x_wconf 88' lang='lat' dir='ltr'>numen</span> <span class='ocrx_word' id='word_1_27' title='bbox 1231 566 1368 608; x_wconf 85' lang='lat' dir='ltr'>adora</span> <span class='ocrx_word' id='word_1_28' title='bbox 1388 583 1399 614; x_wconf 87' lang='grc'>;</span> 
     </span>
     <span class='ocr_line' id='line_1_5' title="bbox 294 636 1478 689; baseline 0 -11"><span class='ocrx_word' id='word_1_29' title='bbox 294 641 464 680; x_wconf 86' lang='lat' dir='ltr'>Junoni</span> <span class='ocrx_word' id='word_1_30' title='bbox 482 651 590 681; x_wconf 84' lang='lat' dir='ltr'>cane</span> <span class='ocrx_word' id='word_1_31' title='bbox 607 641 712 681; x_wconf 73' lang='lat' dir='ltr'>vota</span> <span class='ocrx_word' id='word_1_32' title='bbox 728 637 869 679; x_wconf 88' lang='lat' dir='ltr'>libens</span> <span class='ocrx_word' id='word_1_33' title='bbox 884 668 893 683; x_wconf 93' lang='lat'>,</span> <span class='ocrx_word' id='word_1_34' title='bbox 913 636 1229 688; x_wconf 77' lang='lat' dir='ltr'>dominamque</span> <span class='ocrx_word' id='word_1_35' title='bbox 1248 640 1478 689; x_wconf 87' lang='lat' dir='ltr'>potentem</span> 
     </span>
    </p>

    <p class='ocr_par' dir='ltr' id='par_1_3' title="bbox 232 705 1376 820">
     <span class='ocr_line' id='line_1_6' title="bbox 232 705 1376 763; baseline -0.003 -14"><span class='ocrx_word' id='word_1_36' title='bbox 232 724 234 728; x_wconf 64' lang='grc'>’</span> <span class='ocrx_word' id='word_1_37' title='bbox 295 708 572 763; x_wconf 73' lang='lat' dir='ltr'>supplicibus</span> <span class='ocrx_word' id='word_1_38' title='bbox 586 720 744 763; x_wconf 85' lang='lat' dir='ltr'>supera</span> <span class='ocrx_word' id='word_1_39' title='bbox 766 707 893 749; x_wconf 90' lang='lat' dir='ltr'>donis</span> <span class='ocrx_word' id='word_1_40' title='bbox 911 723 920 747; x_wconf 69' lang='grc' dir='ltr'>ε</span> <span class='ocrx_word' id='word_1_41' title='bbox 942 707 1002 748; x_wconf 85' lang='lat' dir='ltr'>sie</span> <span class='ocrx_word' id='word_1_42' title='bbox 1019 705 1210 759; x_wconf 87' lang='lat' dir='ltr'>denique</span> <span class='ocrx_word' id='word_1_43' title='bbox 1228 705 1376 749; x_wconf 81' lang='lat' dir='ltr'>victor</span> 
     </span>
     <span class='ocr_line' id='line_1_7' title="bbox 295 776 1186 820; baseline -0.003 -3"><span class='ocrx_word' id='word_1_44' title='bbox 295 777 520 820; x_wconf 83' lang='lat' dir='ltr'>Trinacria</span> <span class='ocrx_word' id='word_1_45' title='bbox 543 777 650 820; x_wconf 86' lang='lat' dir='ltr'>fines</span> <span class='ocrx_word' id='word_1_46' title='bbox 667 779 798 819; x_wconf 89' lang='lat' dir='ltr'>Italos</span> <span class='ocrx_word' id='word_1_47' title='bbox 819 777 995 819; x_wconf 84' lang='lat' dir='ltr'>mittere</span> <span class='ocrx_word' id='word_1_48' title='bbox 1016 776 1186 818; x_wconf 79' lang='lat' dir='ltr'>relicta.</span> 
     </span>
    </p>

    <p class='ocr_par' dir='ltr' id='par_1_4' title="bbox 271 837 1630 1664">
     <span class='ocr_line' id='line_1_8' title="bbox 271 837 1429 894; baseline 0 -7"><span class='ocrx_word' id='word_1_49' title='bbox 271 837 312 872; x_wconf 52' lang='grc' dir='ltr'><strong>Ψ</strong></span> <span class='ocrx_word' id='word_1_50' title='bbox 346 850 445 889; x_wconf 85' lang='lat' dir='ltr'>Huc</span> <span class='ocrx_word' id='word_1_51' title='bbox 464 848 538 890; x_wconf 87' lang='lat' dir='ltr'>uhi</span> <span class='ocrx_word' id='word_1_52' title='bbox 560 846 727 889; x_wconf 83' lang='lat' dir='ltr'>delatus</span> <span class='ocrx_word' id='word_1_53' title='bbox 744 851 968 887; x_wconf 75' lang='lat' dir='ltr'>Cumaeam</span> <span class='ocrx_word' id='word_1_54' title='bbox 989 844 1230 887; x_wconf 80' lang='lat' dir='ltr'>adcesseris</span> <span class='ocrx_word' id='word_1_55' title='bbox 1251 845 1403 887; x_wconf 83' lang='lat' dir='ltr'>urbem</span> <span class='ocrx_word' id='word_1_56' title='bbox 1421 877 1429 894; x_wconf 76' lang='grc'><strong>,</strong></span> 
     </span>
     <span class='ocr_line' id='line_1_9' title="bbox 295 914 1370 970; baseline -0.002 -13"><span class='ocrx_word' id='word_1_57' title='bbox 295 917 566 970; x_wconf 87' lang='lat' dir='ltr'>Divinosque</span> <span class='ocrx_word' id='word_1_58' title='bbox 581 918 722 963; x_wconf 84' lang='lat' dir='ltr'>lacus,</span> <span class='ocrx_word' id='word_1_59' title='bbox 742 919 786 959; x_wconf 84' lang='lat' dir='ltr'>et</span> <span class='ocrx_word' id='word_1_60' title='bbox 807 920 987 958; x_wconf 86' lang='lat' dir='ltr'>Averna</span> <span class='ocrx_word' id='word_1_61' title='bbox 1006 914 1208 956; x_wconf 79' lang='lat' dir='ltr'>sonantia</span> <span class='ocrx_word' id='word_1_62' title='bbox 1227 914 1370 963; x_wconf 85' lang='lat' dir='ltr'>silvis;</span> 
     </span>
     <span class='ocr_line' id='line_1_10' title="bbox 292 982 1380 1037; baseline 0.001 -14"><span class='ocrx_word' id='word_1_63' title='bbox 292 986 497 1026; x_wconf 82' lang='lat' dir='ltr'>Insanam</span> <span class='ocrx_word' id='word_1_64' title='bbox 513 987 659 1027; x_wconf 85' lang='lat' dir='ltr'>vatem</span> <span class='ocrx_word' id='word_1_65' title='bbox 677 984 894 1037; x_wconf 78' lang='lat' dir='ltr'>adspicies</span> <span class='ocrx_word' id='word_1_66' title='bbox 913 1017 921 1033; x_wconf 90' lang='lat'><strong><em>,</em></strong></span> <span class='ocrx_word' id='word_1_67' title='bbox 942 994 1040 1036; x_wconf 80' lang='lat' dir='ltr'>quae.</span> <span class='ocrx_word' id='word_1_68' title='bbox 1061 993 1170 1036; x_wconf 84' lang='lat' dir='ltr'>rupe</span> <span class='ocrx_word' id='word_1_69' title='bbox 1190 982 1269 1024; x_wconf 85' lang='lat' dir='ltr'>suh</span> <span class='ocrx_word' id='word_1_70' title='bbox 1288 982 1380 1024; x_wconf 83' lang='lat' dir='ltr'>ima</span> 
     </span>
     <span class='ocr_line' id='line_1_11' title="bbox 291 1050 1418 1107; baseline 0 -15"><span class='ocrx_word' id='word_1_71' title='bbox 291 1054 398 1095; x_wconf 74' lang='lat' dir='ltr'>Fata</span> <span class='ocrx_word' id='word_1_72' title='bbox 417 1054 562 1101; x_wconf 81' lang='lat' dir='ltr'>canit,</span> <span class='ocrx_word' id='word_1_73' title='bbox 587 1052 788 1107; x_wconf 80' lang='lat' dir='ltr'>foliisque</span> <span class='ocrx_word' id='word_1_74' title='bbox 803 1057 932 1094; x_wconf 82' lang='lat' dir='ltr'>notas</span> <span class='ocrx_word' id='word_1_75' title='bbox 961 1056 1005 1094; x_wconf 85' lang='lat' dir='ltr'>et</span> <span class='ocrx_word' id='word_1_76' title='bbox 1023 1052 1205 1093; x_wconf 87' lang='lat' dir='ltr'>nomina</span> <span class='ocrx_word' id='word_1_77' title='bbox 1220 1050 1418 1093; x_wconf 83' lang='lat' dir='ltr'>mandat.</span> 
     </span>
     <span class='ocr_line' id='line_1_12' title="bbox 289 1121 1405 1177; baseline -0.001 -14"><span class='ocrx_word' id='word_1_78' title='bbox 289 1125 573 1176; x_wconf 78' lang='lat' dir='ltr'>Quaecunque</span> <span class='ocrx_word' id='word_1_79' title='bbox 594 1125 639 1163; x_wconf 88' lang='lat' dir='ltr'>in</span> <span class='ocrx_word' id='word_1_80' title='bbox 657 1121 769 1165; x_wconf 86' lang='lat' dir='ltr'>foliis</span> <span class='ocrx_word' id='word_1_81' title='bbox 788 1123 1021 1177; x_wconf 80' lang='lat' dir='ltr'>descripsit</span> <span class='ocrx_word' id='word_1_82' title='bbox 1040 1123 1257 1169; x_wconf 83' lang='lat' dir='ltr'>carmina,</span> <span class='ocrx_word' id='word_1_83' title='bbox 1276 1122 1405 1174; x_wconf 78' lang='lat' dir='ltr'>virgo</span> 
     </span>
     <span class='ocr_line' id='line_1_13' title="bbox 291 1192 1630 1247; baseline -0.001 -15"><span class='ocrx_word' id='word_1_84' title='bbox 291 1193 462 1245; x_wconf 80' lang='lat' dir='ltr'>Digerit</span> <span class='ocrx_word' id='word_1_85' title='bbox 481 1194 525 1234; x_wconf 92' lang='lat' dir='ltr'>in</span> <span class='ocrx_word' id='word_1_86' title='bbox 542 1204 776 1235; x_wconf 87' lang='lat' dir='ltr'>numerum</span> <span class='ocrx_word' id='word_1_87' title='bbox 791 1223 801 1239; x_wconf 88' lang='lat'><strong><em>,</em></strong></span> <span class='ocrx_word' id='word_1_88' title='bbox 820 1194 952 1246; x_wconf 85' lang='lat' dir='ltr'>atque</span> <span class='ocrx_word' id='word_1_89' title='bbox 975 1196 1102 1234; x_wconf 79' lang='lat' dir='ltr'>antro</span> <span class='ocrx_word' id='word_1_90' title='bbox 1122 1193 1292 1234; x_wconf 80' lang='lat' dir='ltr'>seclusa</span> <span class='ocrx_word' id='word_1_91' title='bbox 1312 1192 1585 1247; x_wconf 40' lang='lat' dir='ltr'>relinquit-3„</span> <span class='ocrx_word' id='word_1_92' title='bbox 1628 1198 1630 1200; x_wconf 77' lang='grc'>’</span> 
     </span>
     <span class='ocr_line' id='line_1_14' title="bbox 286 1260 1538 1314; baseline 0 -12"><span class='ocrx_word' id='word_1_93' title='bbox 286 1262 366 1303; x_wconf 84' lang='lat' dir='ltr'>Illa</span> <span class='ocrx_word' id='word_1_94' title='bbox 385 1265 568 1304; x_wconf 82' lang='lat' dir='ltr'>manent</span> <span class='ocrx_word' id='word_1_95' title='bbox 582 1261 766 1304; x_wconf 82' lang='lat' dir='ltr'>immota</span> <span class='ocrx_word' id='word_1_96' title='bbox 783 1261 915 1308; x_wconf 84' lang='lat' dir='ltr'>locis,</span> <span class='ocrx_word' id='word_1_97' title='bbox 941 1272 1087 1314; x_wconf 84' lang='lat' dir='ltr'>neque</span> <span class='ocrx_word' id='word_1_98' title='bbox 1106 1261 1158 1302; x_wconf 85' lang='lat' dir='ltr'>ab</span> <span class='ocrx_word' id='word_1_99' title='bbox 1179 1260 1335 1303; x_wconf 87' lang='lat' dir='ltr'>ordine</span> <span class='ocrx_word' id='word_1_100' title='bbox 1355 1260 1538 1302; x_wconf 79' lang='lat' dir='ltr'>cedunt.</span> 
     </span>
     <span class='ocr_line' id='line_1_15' title="bbox 288 1330 1511 1384; baseline 0.001 -14"><span class='ocrx_word' id='word_1_101' title='bbox 288 1334 454 1373; x_wconf 82' lang='lat' dir='ltr'>Verum</span> <span class='ocrx_word' id='word_1_102' title='bbox 471 1331 646 1380; x_wconf 86' lang='lat' dir='ltr'>eadem,</span> <span class='ocrx_word' id='word_1_103' title='bbox 676 1342 808 1373; x_wconf 86' lang='lat' dir='ltr'>verso</span> <span class='ocrx_word' id='word_1_104' title='bbox 830 1333 975 1373; x_wconf 87' lang='lat' dir='ltr'>tenuis</span> <span class='ocrx_word' id='word_1_105' title='bbox 992 1342 1128 1384; x_wconf 86' lang='lat' dir='ltr'>quum</span> <span class='ocrx_word' id='word_1_106' title='bbox 1148 1330 1330 1372; x_wconf 85' lang='lat' dir='ltr'>cardine</span> <span class='ocrx_word' id='word_1_107' title='bbox 1353 1334 1511 1373; x_wconf 84' lang='lat' dir='ltr'>ventus</span> 
     </span>
     <span class='ocr_line' id='line_1_16' title="bbox 287 1399 1337 1454; baseline 0.001 -13"><span class='ocrx_word' id='word_1_108' title='bbox 287 1401 467 1454; x_wconf 82' lang='lat' dir='ltr'>Impulit.</span> <span class='ocrx_word' id='word_1_109' title='bbox 484 1432 493 1448; x_wconf 92' lang='lat'><strong><em>,</em></strong></span> <span class='ocrx_word' id='word_1_110' title='bbox 521 1404 565 1443; x_wconf 90' lang='lat' dir='ltr'>et</span> <span class='ocrx_word' id='word_1_111' title='bbox 582 1404 753 1443; x_wconf 83' lang='lat' dir='ltr'>teneras</span> <span class='ocrx_word' id='word_1_112' title='bbox 774 1401 970 1443; x_wconf 83' lang='lat' dir='ltr'>turbavit</span> <span class='ocrx_word' id='word_1_113' title='bbox 980 1401 1114 1451; x_wconf 80' lang='lat' dir='ltr'>janua</span> <span class='ocrx_word' id='word_1_114' title='bbox 1135 1399 1311 1442; x_wconf 81' lang='lat' dir='ltr'>frondes</span> <span class='ocrx_word' id='word_1_115' title='bbox 1328 1432 1337 1447; x_wconf 89' lang='lat'>‚</span> 
     </span>
     <span class='ocr_line' id='line_1_17' title="bbox 288 1469 1470 1523; baseline 0 -12"><span class='ocrx_word' id='word_1_116' title='bbox 288 1472 528 1523; x_wconf 75' lang='lat' dir='ltr'>Nunquam</span> <span class='ocrx_word' id='word_1_117' title='bbox 550 1471 711 1513; x_wconf 80' lang='lat' dir='ltr'>deinde</span> <span class='ocrx_word' id='word_1_118' title='bbox 728 1482 838 1514; x_wconf 81' lang='lat' dir='ltr'>cavo</span> <span class='ocrx_word' id='word_1_119' title='bbox 855 1470 1086 1512; x_wconf 72' lang='lat' dir='ltr'>volitantia</span> <span class='ocrx_word' id='word_1_120' title='bbox 1104 1469 1326 1521; x_wconf 75' lang='lat' dir='ltr'>prendere</span> <span class='ocrx_word' id='word_1_121' title='bbox 1346 1480 1470 1512; x_wconf 82' lang='lat' dir='ltr'>saxo.</span> 
     </span>
     <span class='ocr_line' id='line_1_18' title="bbox 285 1540 1431 1591; baseline -0.002 -10"><span class='ocrx_word' id='word_1_122' title='bbox 285 1542 373 1582; x_wconf 86' lang='lat' dir='ltr'>Nee</span> <span class='ocrx_word' id='word_1_123' title='bbox 392 1551 603 1583; x_wconf 85' lang='lat' dir='ltr'>revocare</span> <span class='ocrx_word' id='word_1_124' title='bbox 623 1540 730 1582; x_wconf 85' lang='lat' dir='ltr'>situs</span> <span class='ocrx_word' id='word_1_125' title='bbox 745 1572 755 1591; x_wconf 88' lang='lat'>,</span> <span class='ocrx_word' id='word_1_126' title='bbox 777 1542 852 1582; x_wconf 87' lang='lat' dir='ltr'>aut</span> <span class='ocrx_word' id='word_1_127' title='bbox 863 1541 1052 1591; x_wconf 83' lang='lat' dir='ltr'>jungere</span> <span class='ocrx_word' id='word_1_128' title='bbox 1072 1540 1270 1581; x_wconf 85' lang='lat' dir='ltr'>carmina</span> <span class='ocrx_word' id='word_1_129' title='bbox 1290 1541 1431 1582; x_wconf 87' lang='lat' dir='ltr'>curat.</span> 
     </span>
     <span class='ocr_line' id='line_1_19' title="bbox 282 1608 1338 1664; baseline -0.001 -14"><span class='ocrx_word' id='word_1_130' title='bbox 282 1611 528 1653; x_wconf 78' lang='lat' dir='ltr'>Inconsulti</span> <span class='ocrx_word' id='word_1_131' title='bbox 550 1611 729 1659; x_wconf 87' lang='lat' dir='ltr'>abeunt,</span> <span class='ocrx_word' id='word_1_132' title='bbox 749 1609 988 1664; x_wconf 87' lang='lat' dir='ltr'>sedemque</span> <span class='ocrx_word' id='word_1_133' title='bbox 1004 1608 1139 1651; x_wconf 84' lang='lat' dir='ltr'>odere</span> <span class='ocrx_word' id='word_1_134' title='bbox 1154 1608 1338 1662; x_wconf 74' lang='lat' dir='ltr'>sibyllae.</span> 
     </span>
    </p>

    <p class='ocr_par' dir='ltr' id='par_1_5' title="bbox 281 1678 1444 1873">
     <span class='ocr_line' id='line_1_20' title="bbox 285 1678 1406 1734; baseline -0.002 -13"><span class='ocrx_word' id='word_1_135' title='bbox 285 1679 367 1722; x_wconf 84' lang='lat' dir='ltr'>I-Iie</span> <span class='ocrx_word' id='word_1_136' title='bbox 389 1680 543 1722; x_wconf 79' lang='lat' dir='ltr'>tibine</span> <span class='ocrx_word' id='word_1_137' title='bbox 561 1692 647 1734; x_wconf 82' lang='lat' dir='ltr'>qna</span> <span class='ocrx_word' id='word_1_138' title='bbox 663 1691 799 1722; x_wconf 77' lang='lat' dir='ltr'>morae</span> <span class='ocrx_word' id='word_1_139' title='bbox 822 1679 988 1722; x_wconf 84' lang='lat' dir='ltr'>fuerint</span> <span class='ocrx_word' id='word_1_140' title='bbox 1015 1678 1248 1733; x_wconf 86' lang='lat' dir='ltr'>dispendia</span> <span class='ocrx_word' id='word_1_141' title='bbox 1266 1679 1377 1720; x_wconf 86' lang='lat' dir='ltr'>tanti</span> <span class='ocrx_word' id='word_1_142' title='bbox 1397 1710 1406 1724; x_wconf 87' lang='lat'><em>.</em></span> 
     </span>
     <span class='ocr_line' id='line_1_21' title="bbox 282 1748 1444 1804; baseline -0.002 -15"><span class='ocrx_word' id='word_1_143' title='bbox 282 1751 490 1797; x_wconf 81' lang='lat' dir='ltr'>Quamvis</span> <span class='ocrx_word' id='word_1_144' title='bbox 506 1750 776 1804; x_wconf 77' lang='lat' dir='ltr'>increpitent</span> <span class='ocrx_word' id='word_1_145' title='bbox 792 1750 900 1792; x_wconf 82' lang='lat' dir='ltr'>socii</span> <span class='ocrx_word' id='word_1_146' title='bbox 915 1781 924 1798; x_wconf 88' lang='lat'>‚</span> <span class='ocrx_word' id='word_1_147' title='bbox 947 1753 991 1792; x_wconf 80' lang='lat' dir='ltr'>et</span> <span class='ocrx_word' id='word_1_148' title='bbox 1008 1748 1051 1790; x_wconf 85' lang='lat' dir='ltr'>vi</span> <span class='ocrx_word' id='word_1_149' title='bbox 1071 1760 1223 1791; x_wconf 80' lang='lat' dir='ltr'>cursus</span> <span class='ocrx_word' id='word_1_150' title='bbox 1244 1749 1287 1789; x_wconf 91' lang='lat' dir='ltr'>in</span> <span class='ocrx_word' id='word_1_151' title='bbox 1307 1749 1444 1789; x_wconf 84' lang='lat' dir='ltr'>altum</span> 
     </span>
     <span class='ocr_line' id='line_1_22' title="bbox 281 1817 1400 1873; baseline 0.002 -15"><span class='ocrx_word' id='word_1_152' title='bbox 281 1818 387 1860; x_wconf 84' lang='lat' dir='ltr'>Vela</span> <span class='ocrx_word' id='word_1_153' title='bbox 406 1821 553 1870; x_wconf 83' lang='lat' dir='ltr'>vocet,</span> <span class='ocrx_word' id='word_1_154' title='bbox 574 1820 801 1873; x_wconf 77' lang='lat' dir='ltr'>possisque</span> <span class='ocrx_word' id='word_1_155' title='bbox 819 1820 937 1862; x_wconf 90' lang='lat' dir='ltr'>sinus</span> <span class='ocrx_word' id='word_1_156' title='bbox 951 1818 1137 1872; x_wconf 80' lang='lat' dir='ltr'>implere</span> <span class='ocrx_word' id='word_1_157' title='bbox 1155 1817 1375 1861; x_wconf 87' lang='lat' dir='ltr'>secundos</span> <span class='ocrx_word' id='word_1_158' title='bbox 1389 1848 1400 1866; x_wconf 87' lang='lat'>‚</span> 
     </span>
    </p>

    <p class='ocr_par' dir='ltr' id='par_1_6' title="bbox 282 1889 1448 1943">
     <span class='ocr_line' id='line_1_23' title="bbox 282 1889 1448 1943; baseline -0.002 -14"><span class='ocrx_word' id='word_1_159' title='bbox 282 1889 400 1938; x_wconf 87' lang='lat' dir='ltr'>Quin</span> <span class='ocrx_word' id='word_1_160' title='bbox 421 1889 549 1932; x_wconf 80' lang='lat' dir='ltr'>adeas</span> <span class='ocrx_word' id='word_1_161' title='bbox 573 1893 743 1937; x_wconf 86' lang='lat' dir='ltr'>vatem,</span> <span class='ocrx_word' id='word_1_162' title='bbox 768 1890 1061 1943; x_wconf 80' lang='lat' dir='ltr'>precibusque</span> <span class='ocrx_word' id='word_1_163' title='bbox 1080 1889 1261 1931; x_wconf 82' lang='lat' dir='ltr'>oracula</span> <span class='ocrx_word' id='word_1_164' title='bbox 1278 1899 1448 1942; x_wconf 84' lang='lat' dir='ltr'>poscas.</span> 
     </span>
    </p>

    <p class='ocr_par' dir='ltr' id='par_1_7' title="bbox 281 1958 1467 2013">
     <span class='ocr_line' id='line_1_24' title="bbox 281 1958 1467 2013; baseline 0.002 -16"><span class='ocrx_word' id='word_1_165' title='bbox 281 1961 380 2011; x_wconf 86' lang='lat' dir='ltr'>Ipsa</span> <span class='ocrx_word' id='word_1_166' title='bbox 398 1964 550 2007; x_wconf 80' lang='lat' dir='ltr'>canat,</span> <span class='ocrx_word' id='word_1_167' title='bbox 573 1971 819 2013; x_wconf 78' lang='lat' dir='ltr'>vocemque</span> <span class='ocrx_word' id='word_1_168' title='bbox 840 1961 993 2002; x_wconf 86' lang='lat' dir='ltr'>volens</span> <span class='ocrx_word' id='word_1_169' title='bbox 1014 1961 1145 2013; x_wconf 86' lang='lat' dir='ltr'>atque</span> <span class='ocrx_word' id='word_1_170' title='bbox 1167 1970 1241 2000; x_wconf 85' lang='lat' dir='ltr'>ora</span> <span class='ocrx_word' id='word_1_171' title='bbox 1260 1958 1467 2001; x_wconf 87' lang='lat' dir='ltr'>resolvat.</span> 
     </span>
    </p>

    <p class='ocr_par' dir='ltr' id='par_1_8' title="bbox 281 2027 1312 2084">
     <span class='ocr_line' id='line_1_25' title="bbox 281 2027 1312 2084; baseline 0.002 -15"><span class='ocrx_word' id='word_1_172' title='bbox 281 2029 361 2070; x_wconf 80' lang='lat' dir='ltr'>Illa</span> <span class='ocrx_word' id='word_1_173' title='bbox 383 2029 460 2076; x_wconf 79' lang='lat' dir='ltr'>tihi</span> <span class='ocrx_word' id='word_1_174' title='bbox 481 2031 616 2071; x_wconf 79' lang='lat' dir='ltr'>Itaiiae</span> <span class='ocrx_word' id='word_1_175' title='bbox 635 2031 825 2084; x_wconf 82' lang='lat' dir='ltr'>populos</span> <span class='ocrx_word' id='word_1_176' title='bbox 845 2063 853 2078; x_wconf 87' lang='lat'><strong>‚</strong></span> <span class='ocrx_word' id='word_1_177' title='bbox 872 2031 1149 2083; x_wconf 77' lang='lat' dir='ltr'>venturaque</span> <span class='ocrx_word' id='word_1_178' title='bbox 1169 2027 1284 2071; x_wconf 79' lang='lat' dir='ltr'>bella</span> <span class='ocrx_word' id='word_1_179' title='bbox 1302 2060 1312 2076; x_wconf 91' lang='lat'>‚</span> 
     </span>
    </p>

    <p class='ocr_par' dir='ltr' id='par_1_9' title="bbox 280 2098 1571 2223">
     <span class='ocr_line' id='line_1_26' title="bbox 281 2098 1571 2154; baseline 0.001 -15"><span class='ocrx_word' id='word_1_180' title='bbox 281 2102 335 2140; x_wconf 89' lang='lat' dir='ltr'>Et</span> <span class='ocrx_word' id='word_1_181' title='bbox 364 2111 453 2153; x_wconf 86' lang='lat' dir='ltr'>qno</span> <span class='ocrx_word' id='word_1_182' title='bbox 471 2112 691 2154; x_wconf 80' lang='lat' dir='ltr'>quemque</span> <span class='ocrx_word' id='word_1_183' title='bbox 710 2101 845 2142; x_wconf 79' lang='lat' dir='ltr'>inodo</span> <span class='ocrx_word' id='word_1_184' title='bbox 866 2099 1094 2153; x_wconf 80' lang='lat' dir='ltr'>fugiasque</span> <span class='ocrx_word' id='word_1_185' title='bbox 1120 2099 1322 2152; x_wconf 75' lang='lat' dir='ltr'>ferasque</span> <span class='ocrx_word' id='word_1_186' title='bbox 1344 2098 1571 2148; x_wconf 81' lang='lat' dir='ltr'>laborem,</span> 
     </span>
     <span class='ocr_line' id='line_1_27' title="bbox 280 2168 1404 2223; baseline -0.002 -13"><span class='ocrx_word' id='word_1_187' title='bbox 280 2168 492 2221; x_wconf 62' lang='lat' dir='ltr'>Expediet</span> <span class='ocrx_word' id='word_1_188' title='bbox 508 2181 778 2223; x_wconf 56' lang='lat' dir='ltr'>{cursusque</span> <span class='ocrx_word' id='word_1_189' title='bbox 799 2170 922 2211; x_wconf 84' lang='lat' dir='ltr'>dabit</span> <span class='ocrx_word' id='word_1_190' title='bbox 939 2173 1155 2212; x_wconf 81' lang='lat' dir='ltr'>venerata</span> <span class='ocrx_word' id='word_1_191' title='bbox 1167 2168 1404 2212; x_wconf 85' lang='lat' dir='ltr'>secundos.</span> 
     </span>
    </p>

    <p class='ocr_par' dir='ltr' id='par_1_10' title="bbox 279 2239 1566 2365">
     <span class='ocr_line' id='line_1_28' title="bbox 280 2239 1384 2293; baseline -0.002 -13"><span class='ocrx_word' id='word_1_192' title='bbox 280 2243 315 2280; x_wconf 88' lang='lat' dir='ltr'>H</span> <span class='ocrx_word' id='word_1_193' title='bbox 323 2250 386 2281; x_wconf 60' lang='lat' dir='ltr'>{ec</span> <span class='ocrx_word' id='word_1_194' title='bbox 402 2243 504 2280; x_wconf 88' lang='lat' dir='ltr'>sunt</span> <span class='ocrx_word' id='word_1_195' title='bbox 523 2271 531 2287; x_wconf 91' lang='lat'>‚</span> <span class='ocrx_word' id='word_1_196' title='bbox 555 2250 652 2293; x_wconf 77' lang='lat' dir='ltr'>quae</span> <span class='ocrx_word' id='word_1_197' title='bbox 673 2240 825 2282; x_wconf 87' lang='lat' dir='ltr'>nostra</span> <span class='ocrx_word' id='word_1_198' title='bbox 841 2239 975 2281; x_wconf 82' lang='lat' dir='ltr'>liceat</span> <span class='ocrx_word' id='word_1_199' title='bbox 1004 2241 1044 2280; x_wconf 88' lang='lat' dir='ltr'>te</span> <span class='ocrx_word' id='word_1_200' title='bbox 1063 2251 1175 2282; x_wconf 86' lang='lat' dir='ltr'>voce</span> <span class='ocrx_word' id='word_1_201' title='bbox 1191 2240 1384 2281; x_wconf 83' lang='lat' dir='ltr'>moneri.</span> 
     </span>
     <span class='ocr_line' id='line_1_29' title="bbox 279 2308 1566 2365; baseline -0.005 -12"><span class='ocrx_word' id='word_1_202' title='bbox 279 2310 397 2353; x_wconf 82' lang='lat' dir='ltr'>vade</span> <span class='ocrx_word' id='word_1_203' title='bbox 413 2322 492 2365; x_wconf 80' lang='lat' dir='ltr'>age</span> <span class='ocrx_word' id='word_1_204' title='bbox 510 2342 520 2362; x_wconf 84' lang='grc'>,</span> <span class='ocrx_word' id='word_1_205' title='bbox 539 2316 582 2353; x_wconf 86' lang='lat' dir='ltr'>et</span> <span class='ocrx_word' id='word_1_206' title='bbox 596 2310 826 2363; x_wconf 81' lang='lat' dir='ltr'>ingentem</span> <span class='ocrx_word' id='word_1_207' title='bbox 854 2308 977 2351; x_wconf 79' lang='lat' dir='ltr'>factis</span> <span class='ocrx_word' id='word_1_208' title='bbox 1001 2308 1065 2352; x_wconf 78' lang='lat' dir='ltr'>fer</span> <span class='ocrx_word' id='word_1_209' title='bbox 1085 2309 1141 2352; x_wconf 86' lang='lat' dir='ltr'>ad</span> <span class='ocrx_word' id='word_1_210' title='bbox 1162 2309 1326 2353; x_wconf 76' lang='lat' dir='ltr'>aethera</span> <span class='ocrx_word' id='word_1_211' title='bbox 1345 2310 1566 2361; x_wconf 75' lang='lat' dir='ltr'>Tl‘Ojam.»</span> 
     </span>
    </p>

    <p class='ocr_par' dir='ltr' id='par_1_11' title="bbox 260 2372 1460 2504">
     <span class='ocr_line' id='line_1_30' title="bbox 260 2372 1460 2436; baseline 0.002 -13"><span class='ocrx_word' id='word_1_212' title='bbox 260 2372 292 2405; x_wconf 65' lang='lat'>*⁹*</span> <span class='ocrx_word' id='word_1_213' title='bbox 329 2384 437 2432; x_wconf 82' lang='lat' dir='ltr'>Quae</span> <span class='ocrx_word' id='word_1_214' title='bbox 457 2383 692 2436; x_wconf 85' lang='lat' dir='ltr'>postquam</span> <span class='ocrx_word' id='word_1_215' title='bbox 714 2382 834 2423; x_wconf 79' lang='lat' dir='ltr'>vates</span> <span class='ocrx_word' id='word_1_216' title='bbox 852 2380 914 2423; x_wconf 86' lang='lat' dir='ltr'>sic</span> <span class='ocrx_word' id='word_1_217' title='bbox 935 2391 1013 2423; x_wconf 90' lang='lat' dir='ltr'>ore</span> <span class='ocrx_word' id='word_1_218' title='bbox 1027 2379 1186 2423; x_wconf 79' lang='lat' dir='ltr'>effatus</span> <span class='ocrx_word' id='word_1_219' title='bbox 1209 2380 1353 2422; x_wconf 87' lang='lat' dir='ltr'>amico</span> <span class='ocrx_word' id='word_1_220' title='bbox 1371 2381 1460 2425; x_wconf 79' lang='lat' dir='ltr'>est.</span> 
     </span>
     <span class='ocr_line' id='line_1_31' title="bbox 280 2450 1432 2504; baseline 0.003 -12"><span class='ocrx_word' id='word_1_221' title='bbox 280 2455 408 2495; x_wconf 83' lang='lat' dir='ltr'>Dona</span> <span class='ocrx_word' id='word_1_222' title='bbox 429 2450 590 2495; x_wconf 86' lang='lat' dir='ltr'>dehinc</span> <span class='ocrx_word' id='word_1_223' title='bbox 609 2462 717 2494; x_wconf 82' lang='lat' dir='ltr'>aur-o</span> <span class='ocrx_word' id='word_1_224' title='bbox 733 2451 905 2504; x_wconf 81' lang='lat' dir='ltr'>gravia,</span> <span class='ocrx_word' id='word_1_225' title='bbox 929 2455 1141 2504; x_wconf 86' lang='lat' dir='ltr'>sectoque</span> <span class='ocrx_word' id='word_1_226' title='bbox 1170 2451 1406 2503; x_wconf 83' lang='lat' dir='ltr'>elephanto</span> <span class='ocrx_word' id='word_1_227' title='bbox 1424 2481 1432 2496; x_wconf 83' lang='lat'><strong>.</strong></span> 
     </span>
    </p>
   </div>
  </div>
 </body>
</html>
