1917 2942
337 356 388 393 20
835 353 1136 393 BUCOLICA.
1611 354 1636 391 7

336 441 535 492 Namque
555 439 638 479 erit
651 438 726 480 ille
752 437 859 479 mihi
878 448 1052 492 semper
1072 436 1176 479 deus
1193 453 1203 485 3
1222 436 1337 479 illius
1360 448 1478 479 aram

335 511 458 562 Saepe
475 511 599 551 tener
615 510 775 550 nostris
794 508 846 550 ab
866 509 1052 550 ovilibus
1070 506 1237 549 imbuet
1255 518 1410 560 agnus.

333 578 416 619 Ille
430 589 548 620 meas
568 589 713 620 errare
726 578 809 619 bov
817 589 862 619 es
876 607 885 624 ‚
904 578 955 619 nt
972 577 1136 622 cernis,
1160 581 1202 618 et
1220 577 1363 630 ipsum

334 647 527 695 Ludere,
546 658 642 700 quae
669 646 850 692 vellem.
871 646 1040 688 calamo
1057 646 1256 699 permisit
1276 647 1452 699 agresti.

855 724 1116 758 memnonos.

335 786 436 827 Non
455 785 657 839 equidem
675 785 852 828 invideo
869 802 879 835 ς
899 786 1039 827 miror
1058 786 1195 838 magis
1216 803 1225 826 :
1243 785 1438 838 undique
1459 788 1560 829 totis

333 858 479 909 Usque
500 854 609 897 adeo
626 855 825 897 turbatur
842 856 972 907 agris.
992 858 1054 896 En
1081 856 1170 908 ipse
1190 856 1375 910 capellas

332 927 552 966 Protenus
571 935 685 977 aeger
702 935 781 977 ago
803 923 943 965 :hanc
959 925 1092 965 etiam
1107 924 1181 966 vix
1198 955 1207 971 ,
1228 925 1397 977 Tityre,
1418 925 1548 967 duco.

333 994 416 1036 Hic
435 995 552 1036 inter
570 995 725 1036 densas
743 995 916 1046 corylos
936 994 1070 1036 modo
1086 1006 1276 1049 namque
1295 995 1516 1048 gemellos.

333 1066 464 1117 Spem
484 1064 646 1116 gregis,
670 1063 745 1104 ah!
778 1064 900 1107 silice
931 1065 979 1105 in
998 1063 1117 1106 nuda
1136 1064 1322 1105 connixa
1341 1064 1530 1116 reliquit.

331 1134 452 1185 Saepe
472 1133 634 1174 malum
650 1132 735 1174 hoc
751 1133 878 1174 nobis
893 1164 901 1181 ‚
918 1133 952 1173 si
968 1143 1092 1174 mens
1110 1144 1204 1174 non
1218 1133 1327 1175 laeva
1351 1131 1501 1174 fuisset
1515 1163 1530 1183 ,

332 1204 395 1245 De
409 1203 519 1246 ccelo
537 1204 671 1245 tactas
698 1203 878 1245 memini
894 1202 1130 1255 praedicere
1147 1214 1347 1256 quercus,

330 1273 344 1321 (
359 1276 481 1325 Saepe
498 1275 672 1315 sinistra
686 1285 792 1316 cava
805 1272 1004 1327 praedixit
1020 1273 1072 1314 ah
1091 1273 1188 1315 ilice
1211 1273 1375 1315 cornix.
1394 1273 1409 1321 )

334 1343 418 1385 Sed
435 1348 604 1399 tamen,
620 1343 702 1385 iste
724 1346 838 1386 Deus
857 1345 928 1397 qui
945 1343 1021 1388 sit.
1041 1344 1095 1385 da
1115 1376 1124 1393 ‚
1145 1344 1314 1397 Tityre,
1336 1343 1476 1384 nobis.

883 1423 1091 1455 Tirinus.

331 1484 495 1525 Urbem
509 1517 518 1532 ,
537 1495 669 1537 quam
684 1482 838 1526 dicunt
849 1487 1049 1531 Romam,
1082 1484 1281 1526 Meliboee
1300 1515 1310 1531 ,
1326 1484 1479 1539 putavi

330 1555 497 1596 Stultus
516 1565 599 1608 ego
625 1555 730 1596 huic
749 1556 908 1595 nostrae
933 1554 1121 1595 similem
1139 1584 1148 1602 ,
1166 1563 1256 1606 quo
1274 1565 1387 1608 saepe
1414 1554 1611 1597 solemus

331 1624 535 1665 Pastores
555 1624 703 1665 ovium
720 1625 891 1665 teneros
911 1622 1129 1677 depellere
1153 1621 1281 1665 [etus.

329 1694 400 1736 Sic
415 1695 594 1736 canibus
610 1694 775 1737 catulos
792 1694 980 1743 similes,
1002 1695 1063 1736 sic
1076 1695 1284 1736 matribus
1301 1694 1449 1737 haedos
1463 1726 1478 1747 ,

330 1768 496 1807 Noram
514 1781 523 1814 ;
548 1766 609 1807 sic
625 1765 767 1820 parvis
786 1776 1056 1819 componere
1076 1776 1236 1818 magna
1254 1766 1460 1808 solebam.

328 1838 493 1877 Verum
508 1834 602 1877 haec
618 1838 791 1876 tantum
805 1835 909 1876 alias
930 1834 1045 1876 inter
1061 1839 1194 1888 caput
1211 1837 1365 1878 extulit
1378 1836 1508 1877 urbes
1531 1868 1542 1883 ,

329 1910 553 1959 Quantum
571 1909 691 1951 lenta
705 1909 849 1951 solent
862 1909 980 1951 inter
998 1909 1186 1951 viburna
1201 1909 1410 1963 cupressi.

853 1989 1118 2023 memnonos.

328 2053 383 2092 Et
400 2061 497 2103 quae
515 2052 636 2091 tanta
652 2048 734 2091 fuit
753 2052 940 2091 Romam
962 2050 1035 2091 tibi
1053 2061 1182 2093 causa
1200 2050 1409 2093 videndi?

891 2129 1096 2163 Tlrrnus.

327 2188 524 2231 Libertas
541 2203 550 2226 =
569 2200 686 2242 quae,
705 2200 799 2232 sera
813 2220 823 2240 ‚
841 2191 990 2232 tamen
1001 2190 1193 2244 respexit
1209 2190 1397 2233 inertem
1412 2223 1422 2240 ,

328 2258 566 2301 Candidior
582 2262 813 2313 postquam
835 2259 1036 2303 tondenti
1056 2260 1190 2303 barba
1202 2260 1407 2310 cadebat;

328 2331 536 2385 Respexit
557 2333 703 2373 tamen
716 2362 727 2382 ,
749 2332 793 2374 et
807 2332 942 2384 longo
959 2335 1060 2387 post
1080 2335 1279 2387 tempore
1293 2334 1415 2376 venit
1434 2366 1442 2380 ‚

327 2402 566 2454 Postquam
585 2413 666 2444 nos
683 2402 911 2452 Amaryllis
926 2401 1084 2450 habet,
1101 2402 1283 2445 Galatea
1301 2403 1490 2455 reliquit.

328 2471 550 2524 Namque,
576 2471 743 2515 fatebor
761 2471 906 2521 enim,
924 2471 1031 2514 dum
1051 2483 1123 2515 me
1137 2471 1316 2515 Galatea
1333 2473 1509 2515 tenebat
1528 2505 1538 2521 ,
