1917 2942
203 346 272 387 666
726 341 893 382 LIBER
920 343 975 381 X.
1412 338 1487 378 403

206 430 390 486 Respicit
408 431 588 484 ignarus
607 439 755 471 rerum
771 459 786 479 ,
806 413 1088 481 ingratusque
1104 425 1253 468 salutis
1275 453 1284 470 .

142 515 144 517 ·
204 506 251 543 Et
268 498 464 553 duplices
484 509 585 541 curn
612 508 722 540 voce
738 508 894 539 manus
915 498 970 538 ad
987 497 1126 539 sidera
1144 497 1312 539 tendit:

207 585 221 608 α
245 570 531 624 Omnipotens
552 568 741 621 genitor,
767 567 936 609 tanton’
955 579 1026 610 me
1045 566 1228 609 crimine
1248 565 1431 617 dignum

206 640 363 681 Duxisti
380 670 388 685 ‚
421 641 465 679 et
483 638 591 679 tales
612 636 785 678 voluisti
805 635 1050 689 expendere
1064 647 1215 690 poeuas
1227 637 1246 675 ‚⁹

206 713 294 761 Quo
309 709 455 750 teror?
474 705 593 749 uude
609 706 724 747 abii?
745 717 841 759 quae
858 716 927 747 me
941 704 1064 757 fuga.
1085 715 1271 758 quemve
1288 703 1500 746 reducet?

207 778 492 819 Laurentesne
507 775 667 817 iterum
686 785 836 816 muros
852 776 926 814 aut
944 777 1086 815 castra
1109 772 1268 814 videbo
1285 772 1304 811 ἱ)

209 844 317 896 Quid
332 856 488 886 manus
504 844 576 886 illa
590 842 734 885 virum
753 872 761 889 ‚
786 844 859 894 qui
880 852 948 883 me
969 853 1153 894 meaque
1173 852 1296 884 arma
1308 839 1475 899 secuti?

208 918 378 965 Quosne
398 907 552 966 (nefas)
572 923 724 954 omnes
745 910 924 953 infanda
945 913 987 952 in
1008 915 1151 954 morte
1168 909 1354 962 reliqui?

209 987 391 1025 Etnunc
411 982 611 1038 palantes
627 979 757 1024 video
778 1012 788 1032 ‚
813 980 1112 1034 gemitumque
1139 979 1375 1022 cadentum

211 1054 409 1107 Adcipio.
427 1052 542 1104 Quid
562 1053 671 1105 ago?
692 1055 767 1092 aut
782 1062 877 1104 quae
888 1052 981 1101 jam
1001 1051 1103 1091 satis
1117 1049 1203 1090 ima
1216 1047 1413 1091 dehiscat

210 1127 336 1164 Terra
349 1122 491 1163 mihi?
511 1123 597 1162 Vos
614 1132 640 1163 o
655 1122 803 1174 potius
818 1120 1085 1161 miserescite
1103 1148 1112 1166 ‚
1147 1116 1291 1163 venti,

142 1244 144 1246 Ι
211 1194 259 1233 In
272 1202 403 1244 rupes
419 1222 427 1238 ‚
451 1191 497 1231 in
512 1201 612 1231 saxa
628 1190 802 1243 (voleus
823 1199 896 1229 vos
912 1191 1084 1229 'furnus
1099 1186 1269 1238 adoro),

211 1263 489 1305 Fertevratem
508 1291 517 1306 ‚
536 1259 747 1312 saevisque
764 1258 887 1300 vadis
906 1257 1131 1298 immittite
1160 1255 1316 1308 syrtis,

213 1332 303 1382 Quo
320 1315 461 1381 neque
478 1339 548 1370 me
566 1327 718 1369 Rutuli
736 1359 745 1375 ,
763 1337 846 1369 nec
866 1327 1039 1377 conscia
1060 1324 1172 1366 fama
1193 1323 1414 1377 sequatur.
1435 1337 1453 1359 υ

261 1402 366 1442 Haec
377 1409 640 1445 memorans,
656 1398 803 1438 auimo
819 1407 939 1438 nunc
951 1397 1052 1441 huc.
1067 1407 1188 1438 nunc
1199 1393 1383 1437 fluctuat
1392 1393 1511 1440 iliuc;

215 1474 280 1512 An
296 1483 388 1514 sese
403 1481 617 1512 mucrone
633 1469 688 1511 ob
703 1473 775 1510 tan
783 1472 875 1510 tum
891 1467 1249 1511 dedecusameus

215 1542 395 1595 Induat,
416 1544 461 1584 et
473 1541 662 1584 crudum
680 1552 757 1592 per
777 1543 916 1597 costas
936 1540 1078 1591 exigat
1094 1549 1244 1580 ensem
1266 1553 1277 1578 ε

216 1613 435 1654 Fluctibus
453 1623 509 1652 an
524 1612 659 1662 jaciat
673 1610 828 1652 mediis
846 1642 855 1656 .
881 1612 923 1651 et
942 1610 1070 1651 litora
1086 1608 1238 1650 nando

217 1685 355 1724 Curva
374 1683 496 1734 petat
510 1711 520 1730 ‚
540 1677 845 1732 Teucrumque
860 1678 1019 1720 iterum
1034 1688 1078 1719 se
1092 1676 1252 1720 reddat
1266 1677 1312 1717 in
1326 1688 1461 1719 arma.

217 1757 297 1793 Ter
316 1755 500 1794 conatus
518 1753 749 1803 utramque
763 1751 881 1792 viam
898 1765 909 1789 z
930 1751 997 1791 ter
1015 1749 1202 1796 maxima
1217 1752 1337 1790 Juno

220 1821 469 1866 Continuit3
492 1820 813 1871 juvenemque,
837 1817 971 1860 animi
993 1818 1219 1864 miserata.
1241 1817 1463 1871 repressit.

220 1889 392 1929 Labitur
408 1889 495 1930 alta
511 1898 662 1929 secans
681 1884 906 1939 fluctuque
923 1891 1117 1939 aestuque
1135 1886 1331 1942 secundo
1349 1918 1359 1933 ,

221 1961 271 1999 Et
286 1959 418 2012 patris
438 1957 663 2010 antiquam
683 1956 826 1997 Dauni
846 1953 1044 1998 desertur
1064 1956 1117 1998 ad
1135 1956 1308 1999 urbem.

271 2029 329 2067 At
343 2030 367 2067 J
372 2027 467 2069 ovis
486 2026 654 2067 interea
670 2025 849 2066 monitis
871 2026 1108 2067 Mezentius
1124 2025 1283 2068 ardens

223 2097 423 2140 Succedit
436 2107 594 2152 puguae
609 2128 617 2144 ‚
638 2099 913 2149 Teucrosque
929 2096 1099 2138 invadit
1114 2100 1312 2138 ovantes.

225 2169 505 2209 Concurrunt
520 2163 757 2218 Tyrrhenae
774 2165 886 2208 acies
905 2192 913 2210 ‚
948 2169 1078 2218 atque
1095 2165 1300 2207 omnibus
1320 2166 1394 2207 uni
1411 2197 1420 2213 ,

227 2239 305 2278 Uni
324 2238 522 2290 odiisque
537 2239 635 2279 viro
652 2235 833 2288 telisque
855 2235 1154 2289 frequentibus
1171 2237 1350 2278 instant.

225 2306 323 2349 Ille.
346 2307 467 2349 velut
488 2317 618 2359 rupes
642 2309 811 2347 vastum
830 2297 926 2358 [lure
943 2305 1092 2358 prodit
1109 2306 1151 2346 iu
1171 2312 1338 2358 muer,

229 2375 361 2418 Obvia
378 2376 614 2419 ventorum
633 2374 755 2417 furiis
771 2407 780 2425 ‚
816 2378 1078 2429 expostaque
1097 2378 1262 2430 ponto,

230 2445 321 2486 Vim
341 2448 541 2489 cunctam
561 2448 688 2500 atque
714 2446 855 2487 minas
869 2445 1035 2499 perfert
1050 2445 1241 2500 coelique
1260 2444 1475 2499 marIsquc
1493 2477 1501 2492 ,
