1917 2942
303 356 381 395 515
827 355 993 395 1113ssss
1028 356 1082 393 ll.
1539 355 1612 393 ⁴73

301 438 509 479 Exoritur
529 439 782 490 clamorque
799 438 948 479 virum
979 436 1250 489 clangorque
1271 436 1493 478 tubarum.

303 510 435 547 Arma
456 517 606 548 amens
627 507 753 559 capio
773 521 783 553 3
805 506 889 547 nee
904 508 972 549 sat
988 505 1170 547 rationis
1187 506 1232 545 in
1256 505 1404 559 armis,

300 575 385 616 Sed
406 576 654 627 glomerare
669 586 850 617 manum
870 575 989 631 bello
1006 605 1016 621 ,
1040 578 1083 617 et
1103 585 1373 617 concurrere
1390 575 1442 615 in‘
1452 588 1597 619 arcem

300 648 410 685 Cum
428 645 557 687 sociis
576 644 735 686 ardent
748 645 896 686 animi.
920 647 1064 685 Furor
1083 645 1237 697 iraque
1256 647 1452 687 mentem

301 716 611 770 Praeeipitant3
633 715 960 768 pulchrumque
981 717 1091 757 mori
1113 715 1336 756 succurrit
1353 715 1400 755 in
1420 716 1564 757 armis.

352 788 464 828 Eece
484 788 633 827 autem
652 786 750 826 telis
768 785 993 827 Pantheus
1015 785 1189 837 elapsus
1212 784 1430 826 Achivum
1453 818 1462 834 ,

301 853 522 895 Pantheus
540 853 811 904 Othryades,
836 855 947 896 areis
968 853 1212 906 Phoebique
1228 852 1457 902 sacerdos,

298 924 431 965 Sacra
448 934 581 964 manu
597 955 606 970 ,
624 924 853 977 victosque
870 923 977 966 deos
997 955 1006 970 ‚
1025 934 1298 976 parvumque
1314 926 1525 976 nepotem

301 992 396 1042 lpse
414 990 550 1032 trabit
563 1024 572 1039 ‚
596 1002 815 1045 cursuque
835 1003 986 1033 amens
1003 990 1056 1032 ad
1073 991 1229 1047 limina
1248 990 1406 1033 tendit.

303 1075 318 1096 a
333 1063 431 1111 Quo
447 1071 515 1102 res
530 1072 702 1103 summa
716 1063 830 1107 loeo,
850 1060 1056 1102 Pantbeu
1070 1062 1089 1101 ¹?
1109 1072 1239 1115 quam
1258 1060 1518 1115 prendimus
1551 1073 1620 1103 ar-

301 1128 379 1169 Vix
399 1141 449 1171 ea
471 1128 583 1171 satus
604 1141 723 1172 eram
738 1161 748 1181 ,
772 1131 939 1181 gemitu
956 1141 1092 1182 quum
1110 1129 1213 1171 talia
1231 1129 1398 1171 reddit:
1449 1131 1618 1181 [cem‘1‘n

304 1210 318 1232 a
335 1197 465 1238 Venit
483 1208 651 1238 summa
670 1195 761 1239 dies
779 1228 788 1243 ‚
809 1198 852 1238 et
869 1196 1154 1238 ineluctabile
1171 1201 1346 1249 tempus

302 1266 552 1309 Dardaniae.
578 1268 756 1309 Fuimus
771 1272 927 1314 Troes3
953 1265 1036 1307 fuit
1054 1266 1210 1313 Ilium,
1232 1271 1278 1309 et
1295 1267 1453 1319 ingens

301 1336 450 1378 Gloria
467 1340 756 1379 Teucrorum.
776 1340 912 1378 Ferus
941 1337 1091 1378 omnia
1107 1337 1314 1390 ,luppiter
1333 1340 1477 1389 Argos

300 1405 556 1448 Transtulit.
575 1409 759 1449 Incensa
774 1407 910 1448 Danai
941 1406 1231 1448 dominantur
1251 1407 1298 1446 in
1315 1405 1434 1448 urbe.

302 1475 478 1517 Arduus
498 1478 688 1517 armatos
710 1475 925 1518 mediisin
942 1476 1162 1517 moenibus
1178 1474 1354 1518 adstans

301 1544 461 1586 Fundit
477 1555 636 1598 equus;
657 1545 891 1597 victorque
911 1545 1051 1585 Sinon
1070 1543 1275 1586 incendia
1291 1544 1447 1587 miscet
1460 1576 1469 1591 ,

300 1617 535 1659 Insultans.
555 1617 700 1659 Portis
719 1617 791 1658 alii
809 1616 1106 1667 bipatentibus
1123 1614 1309 1661 adsunt,

300 1688 433 1729 Miltia
449 1689 559 1741 quot
577 1686 751 1739 magnis
771 1697 971 1739 unquam
997 1694 1163 1726 venere
1186 1684 1378 1737 Mycenis
1398 1716 1406 1731 ‚

300 1757 524 1800 obsedere
543 1757 614 1799 alii
637 1756 731 1799 telis
752 1759 936 1809 angusta
953 1757 1130 1796 viarum

299 1826 528 1881 oppositi:
547 1829 632 1868 stat
652 1824 752 1868 terri
776 1826 890 1868 acies
917 1834 1134 1866 mucrone
1155 1832 1347 1865 eoruseo

299 1895 483 1941 Stricta,
508 1896 660 1949 parata
681 1894 780 1938 neci
802 1910 811 1935 :
836 1895 906 1936 vix
936 1892 1069 1946 primi
1092 1891 1242 1947 praelia
1264 1893 1440 1933 tentant

301 1966 537 2006 Portarum
557 1965 734 2019 vigiles,
756 1968 801 2005 et
819 1974 939 2005 caeeo
960 1966 1096 2005 Marte
1118 1961 1349 2004 resistunt.
1371 1976 1388 1997 u

351 2033 527 2075 Talibus
549 2032 787 2085 Othryadae
810 2031 941 2075 dictis
959 2035 1003 2073 et
1021 2032 1207 2074 numine
1227 2029 1384 2071 divum

302 2103 353 2141 In
376 2102 571 2142 flammas
588 2103 632 2143 et
647 2101 694 2141 in
714 2113 837 2142 arma
857 2098 990 2148 feror,
1011 2112 1099 2153 quo
1120 2099 1255 2141 tristis
1269 2099 1462 2150 Erinnys
1479 2129 1488 2141 .

302 2172 398 2220 Quo
420 2168 618 2212 fremitus
636 2174 789 2216 vocat,
816 2172 859 2211 et
877 2169 1072 2212 sublatus
1091 2169 1147 2211 ad
1167 2168 1333 2209 aethera
1346 2167 1575 2209 clamoru-

302 2238 487 2280 Addunt
511 2250 557 2281 se
579 2237 722 2281 socios
743 2238 956 2293 Rhipeus,
978 2238 1254 2281 etma'ximus
1276 2236 1409 2278 armis

301 2305 471 2363 Epytus
487 2325 496 2357 ;
515 2310 655 2352 oblati
676 2322 754 2363 per
774 2305 1236 2365 lunanszypanisque
1258 2311 1538 2360 Dymasque:

304 2383 357 2422 Et
373 2380 831 2434 lateuiladglomerant
846 2384 1000 2423 nostro
1017 2397 1028 2429 ;
1045 2379 1312 2433 juvenisque
1333 2376 1543 2419 Coroebus

302 2441 609 2503 Mygdonider.
629 2442 718 2492 Illi‘s‘
732 2450 793 2504 ¹ad
807 2444 981 2504 ‘frojam
998 2450 1112 2493 forte
1133 2449 1287 2491 diebus
