1917 2942
362 339 439 377 233
887 343 1145 383 AENEIDOS
1590 348 1668 388 493

365 428 501 468 Unice
522 430 673 478 caput,
693 428 885 480 magicas
911 429 1099 470 invitam
1116 429 1341 483 adcingier
1355 435 1484 474 artes.

360 498 424 536 Tu
441 498 612 538 secreta
627 497 916 549 pyramiteeto
934 500 1147 543 interiore
1163 500 1243 542 sub
1258 513 1383 544 auras

361 567 493 617 Erige
511 582 520 613 ;
541 570 585 609 et
601 578 722 609 arma
740 569 827 611 viri
846 601 856 618 ‚
881 570 1074 612 thalamo
1092 582 1190 624 quae
1212 570 1297 613 fixa
1312 571 1488 626 reliquit

361 635 526 688 Impius
544 665 553 682 ,
575 638 840 691 exuviasque
855 650 1032 687 omnes,
1053 640 1307 694 lectumque
1321 641 1537 694 jugalem,

361 708 459 754 Quo
477 706 588 759 perii
607 737 615 751 .
635 707 983 761 superimponas.
1008 709 1197 752 Abolere
1212 709 1393 753 nefandi

362 775 531 815 Cuncta
545 775 630 816 viri
647 781 938 819 monumenta
951 779 1082 829 jubet
1094 782 1403 833 monstratque
1418 778 1638 822 sacerdos.
1656 796 1670 817 n

415 843 523 885 Haec
540 842 673 886 effata
688 845 810 894 silet:
833 845 978 899 pallor
993 847 1123 889 simul
1142 851 1329 901 occupat
1342 860 1436 890 ora.

362 913 400 952 N
406 923 467 953 on
487 914 638 957 tamen
657 919 787 957 Anna
805 917 931 958 novis
950 922 1189 970 praetexere
1212 917 1368 961 funera
1383 920 1517 961 sacris

361 983 631 1025 Germanam
651 984 793 1026 credit
809 1017 817 1032 ,
836 996 919 1027 nec
938 990 1082 1028 tantos
1101 990 1250 1029 mente
1265 986 1436 1029 furores

362 1053 590 1103 Concipit,
610 1056 685 1095 aut
703 1056 906 1107 graviora
921 1055 1067 1103 timet,
1090 1067 1222 1108 quam
1242 1061 1384 1099 morte
1402 1056 1591 1109 Sychaei.

360 1124 472 1175 Ergo
499 1126 613 1174 jussa
635 1127 777 1177 parat.

414 1194 474 1232 At
496 1195 662 1245 regina.
680 1205 790 1247 pyra
809 1195 1027 1246 penetrali
1047 1195 1094 1235 in
1114 1194 1217 1238 sede
1234 1196 1314 1237 sub
1336 1207 1462 1237 auras

359 1264 517 1305 Erecta
536 1264 706 1316 ingenti
721 1295 731 1309 .
752 1263 874 1306 taedis
894 1268 1024 1318 atque
1044 1265 1141 1308 ilice
1157 1268 1303 1314 secta,

361 1332 645 1387 Intenditque
663 1335 811 1376 locum
828 1337 978 1382 sertis,
999 1338 1044 1378 et
1059 1334 1216 1377 fronde
1231 1339 1418 1379 coronat

359 1405 564 1445 Funerea
581 1419 590 1443 ι
607 1414 739 1457 super
758 1405 957 1452 exuvias,
980 1416 1218 1458 ensemque
1231 1407 1437 1448 relictum
1457 1437 1464 1453 ,

361 1471 654 1526 Effigiemque
675 1476 772 1515 toro
789 1474 935 1525 locat,
952 1474 1071 1516 haud
1087 1477 1242 1528 ignara
1260 1475 1411 1517 futuri.

361 1546 487 1585 Stant
505 1555 591 1585 arae
608 1545 790 1592 circum.
814 1546 859 1587 et
872 1545 1017 1587 crines
1034 1545 1174 1588 effusa
1190 1547 1394 1589 sacerdos

359 1618 444 1657 Ter
463 1618 642 1656 centum
663 1617 788 1657 tonat
803 1627 880 1657 ore
898 1615 1027 1663 deos,
1050 1615 1329 1670 Erebumque
1347 1649 1357 1665 ,
1376 1617 1602 1670 Chaosque
1624 1651 1631 1663 .

360 1683 757 1737 Tergeminamque
775 1686 974 1727 Hecaten
989 1687 1105 1731 ‚2tria
1120 1686 1304 1737 virginis
1320 1697 1400 1728 ora
1418 1687 1585 1728 Dianae.

361 1755 589 1807 Sparserat
608 1755 653 1796 et
672 1754 823 1796 latices
843 1755 1070 1797 simulatos
1093 1755 1224 1797 fontis
1239 1756 1405 1799 Averni
1425 1772 1436 1805 3

361 1823 563 1865 Falcibus
579 1827 623 1864 et
640 1834 791 1865 messae
809 1825 865 1865 ad
882 1825 1037 1865 lunam
1056 1827 1322 1878 quaeruntur
1341 1826 1462 1868 ae'nis

361 1892 583 1934 Pubentes
601 1891 769 1939 herba-3,
800 1893 915 1945 nigri
933 1904 1036 1935 cum
1055 1893 1168 1935 lacte
1185 1895 1360 1935 veneni.

361 1962 584 2011 Quaeritur
601 1965 645 2002 et
659 1962 881 2003 nascentis
897 1963 1000 2015 equi
1017 1961 1071 2003 de
1083 1960 1229 2004 fronte
1244 1964 1445 2005 revulsus
1463 1997 1471 2011 ,

363 2034 416 2072 Μ
436 2032 566 2072 matri
582 2033 825 2086 praereptus
844 2062 853 2079 ,
877 2042 1018 2073 amor.

360 2103 459 2155 Ipsa
488 2103 620 2150 mola,
639 2101 927 2153 manibusque
947 2100 1030 2155 piis
1045 2131 1054 2148 ‚
1074 2100 1225 2143 altaria
1234 2102 1373 2153 juxta.

364 2176 508 2213 Unum
525 2173 654 2213 exuta
668 2170 826 2225 pedem
844 2170 1026 2217 vinclis,
1046 2171 1092 2211 in
1106 2172 1226 2213 veste
1245 2171 1440 2213 recincta

359 2245 564 2284 Testatur
582 2243 798 2284 moritura
817 2241 947 2288 deos,
964 2245 1006 2284 et
1026 2242 1210 2285 conscia
1223 2239 1299 2283 fati

359 2311 510 2354 sidera
528 2327 539 2350 ι
561 2315 652 2353 tum
671 2343 680 2359 ‚
701 2313 735 2354 si
750 2312 872 2365 quod
885 2323 980 2354 non
996 2322 1123 2364 aequo
1146 2310 1309 2353 scedere
1324 2312 1519 2354 amantes

362 2387 488 2423 Curae
505 2393 672 2424 numen
688 2381 831 2427 habet,
848 2383 1103 2434 justumque
1122 2392 1384 2433 memorque
1409 2384 1629 2433 precatur.

415 2454 511 2494 Nox
526 2454 619 2494 erat
639 2484 647 2500 ,
671 2453 714 2492 ct
736 2450 958 2503 piacidum
976 2451 1215 2504 carpebant
1236 2449 1344 2493 sessa
1364 2460 1570 2503 soporem
