1917 2942
739 359 1206 422 GEORGtcON

645 535 871 584 Ltssssss
923 535 1299 593 QUARTUS.

318 733 1629 786 ᾣᾲῥῷᾢὲὲᾷεᾷὲὲὲρἒῇἓὲέἐῇᾓὲἓὲῆἓῇἓᾳὲἓὲῐὲᾓΛ-ἕέ

324 918 405 947 t’ost
434 915 593 949 brevem
610 914 657 948 de
673 914 811 956 apibus
834 917 871 949 et
890 914 1090 950 mellificio
1121 915 1426 960 propositionem
1441 942 1449 957 ,
1480 916 1634 951 dedica-

367 972 588 1017 tionemque
604 975 749 1017 operis,
769 983 862 1018 opus
892 974 1021 1018 ipsum
1041 978 1126 1010 octo
1138 974 1313 1019 partibus
1345 976 1577 1018 exsequitur.
1605 978 1633 1009 l.

367 1037 503 1079 Agitur
519 1035 564 1070 do
584 1037 788 1071 commoda
812 1046 928 1079 apum
948 1036 1203 1073 habitatione.
1223 1040 1274 1073 ΙΙ.
1293 1039 1345 1071 De
1363 1037 1608 1080 pabulatione
1628 1065 1635 1077 ,

364 1096 630 1137 examinibus,
652 1097 807 1141 pugnis.
837 1099 909 1133 lll.
933 1101 985 1132 De
1014 1096 1162 1133 duabus
1190 1107 1328 1133 earum
1344 1099 1553 1142 speciebus.
1575 1102 1635 1134 IV.

369 1160 419 1190 De
437 1155 565 1194 civili.
589 1166 664 1200 qua
682 1159 897 1201 reguntur,
916 1157 1136 1200 prudentia.
1155 1160 1195 1193 V.
1213 1162 1265 1194 De
1284 1159 1521 1195 mellationis
1540 1165 1639 1194 tem-

366 1218 537 1260 poribus.
565 1220 624 1254 VI.
650 1222 701 1253 De
720 1219 870 1253 morbis
888 1227 1026 1262 apum,
1046 1221 1351 1264 morborumque
1372 1219 1497 1265 siguis
1517 1223 1554 1256 et·
1571 1230 1634 1255 re—

366 1278 608 1314 mediis.VH.
623 1282 674 1313 De
688 1279 804 1314 modo
817 1288 919 1323 apes,
935 1279 968 1314 si
980 1282 1077 1315 forte
1092 1279 1296 1323 perierint,
1308 1280 1635 1324 reparandi.V111.

368 1342 420 1373 De
436 1339 692 1382 reparationis
712 1340 824 1382 hujus
849 1340 1077 1375 inventione
1105 1343 1142 1375 et
1166 1343 1320 1376 auctore
1342 1341 1512 1382 Aristaeo,
1530 1343 1638 1383 cujus

367 1397 530 1440 quidem
544 1425 552 1439 ,
570 1407 642 1434 uec
659 1407 735 1433 nou
750 1401 786 1433 et
808 1400 966 1442 Orphei,
986 1400 1157 1434 fabulam
1178 1402 1257 1435 tuse
1281 1403 1409 1436 narrat
1426 1403 1462 1435 et
1482 1403 1635 1445 elegan-

371 1456 460 1492 tius.

327 1598 543 1637 Protenus
562 1597 666 1638 aerii
684 1597 822 1639 meliis
839 1596 1033 1638 coelestia
1050 1597 1165 1637 dona

325 1670 568 1721 Exsequar:
586 1668 700 1708 hanc
717 1670 864 1714 etiam,
885 1670 1115 1717 Maecenas,
1136 1667 1315 1720 adspice
1338 1673 1520 1722 partem.

326 1734 600 1777 Admiranda
621 1735 698 1776 tibi
714 1736 878 1777 levium
899 1736 1152 1788 spectacula
1172 1747 1324 1778 rernm
1338 1769 1347 1784 ‚

324 1806 715 1858 Magnanimosque
730 1805 887 1854 duces,
909 1805 1132 1858 totiusque
1161 1804 1317 1846 ordine
1337 1806 1480 1859 gentis

325 1879 494 1924 Mores,
518 1879 560 1918 et
575 1875 719 1917 studia
738 1908 745 1920 .
765 1875 1034 1930 etpopulos‚
1060 1878 1103 1918 et
1121 1876 1271 1928 praelia
1293 1874 1452 1917 dicam,

326 1949 375 1986 ln
398 1946 518 1987 tenui
534 1947 659 1986 labor
686 1962 695 1984 :
716 1948 760 1987 at
777 1947 917 1986 tenuis
937 1956 1027 1986 non
1051 1946 1216 1998 gloria,
1234 1945 1269 1987 si
1288 1957 1418 1997 quem

325 2017 517 2058 Numina
543 2017 653 2058 laeva
669 2016 844 2063 sinunt,
870 2016 1081 2068 auditque
1100 2018 1282 2058 vocatus
1304 2016 1479 2070 Apollo.

379 2086 604 2138 Principio
622 2085 745 2127 sedes
762 2085 916 2138 apibus
930 2086 1149 2139 statioque
1170 2084 1384 2139 petenda,

326 2159 423 2205 Quo
444 2165 587 2206 neque
605 2155 818 2195 sitventis
840 2154 983 2196 aditus
1005 2156 1015 2199 (
1034 2165 1139 2195 uam
1156 2156 1317 2208 pabula
1331 2154 1451 2197 venti

255 2220 259 2225 ‘
326 2227 459 2267 Ferre
480 2224 660 2265 domum
680 2223 953 2276 [·.›rohil)e1‘1t‘)‚
967 2234 1112 2277 neque
1132 2234 1235 2266 oves
1250 2223 1456 2276 haedique
1476 2223 1639 2276 petulci

327 2294 526 2336 Floribus
543 2294 756 2335 insultent
776 2325 783 2341 ‚
809 2295 883 2333 aut
902 2304 1053 2335 errans
1067 2294 1229 2334 bucula
1247 2302 1405 2347 campo

326 2365 529 2406 Decutiat
544 2374 689 2406 rorem
706 2393 713 2405 .
739 2367 783 2405 et
796 2365 1026 2415 surgentes
1047 2361 1217 2404 adterat
1231 2361 1402 2403 herbas.

328 2434 488 2474 Absint
507 2438 549 2474 et
567 2431 673 2486 picti
688 2430 934 2483 squalentia
953 2433 1077 2483 terga
1096 2431 1247 2473 lacerti

330 2501 569 2555 Pingnibus
591 2513 614 2543 a
629 2500 831 2548 stabulis,
855 2510 1167 2551 inmunesque,
1191 2499 1371 2550 :ilicoque
1392 2498 1591 2540 wluerus
1612 2514 1620 2544 ;
