1917 2942
214 339 291 377 704
717 337 877 376 LIBER
913 337 1025 377 vm.

218 423 366 466 Actius
380 422 477 466 haee
492 434 680 466 cernens
696 433 847 467 areum
865 422 1124 467 intendebat
1142 424 1302 479 Apollo

218 495 413 546 Desuper
433 504 442 528 ε
466 491 609 532 omnis
629 501 682 533 eo
704 493 873 533 terrore
890 492 1118 544 AEgyptus.
1137 493 1181 533 et
1194 491 1320 539 Indi,

218 561 369 602 Omnis
387 560 524 602 Arabs
537 589 547 607 ,
571 571 725 602 omnes
744 560 973 602 vertebant
993 563 1114 613 terga
1133 561 1289 604 Sabaei.

218 631 315 684 Ipsa
327 629 560 672 videbatur
576 631 721 672 ventis
742 630 894 683 regina
910 629 1077 671 vocatis

220 699 322 742 Vela
342 699 468 746 dare,
486 701 531 741 et
549 698 670 740 laxos
688 699 780 749 jam
792 701 973 752 jamque
993 699 1230 743 immittere
1247 699 1387 743 funes.

270 767 394 808 Illam
412 767 528 808 inter
546 766 687 809 eaedes
706 766 948 821 pallentem
965 772 1111 809 morte
1133 767 1284 811 futura

223 838 403 878 Fecerat
418 837 513 889 Igni
519 839 677 888 potens
691 835 821 878 undis
841 840 885 878 et
905 838 1066 890 Iapyge
1085 836 1187 878 ferri
1202 852 1213 884 ς

224 908 395 947 Contra
412 909 561 948 autem
581 916 744 958 magno
763 909 1022 949 maerentern
1036 918 1226 962 corpore
1246 907 1420 953 Nilum,

226 974 588 1027 Pandentemque
605 977 747 1024 sium,
774 978 818 1019 et
838 978 929 1017 tota
947 980 1069 1019 veste
1086 980 1319 1019 vorantem
1451 968 1467 979 '⁹

227 1046 475 1087 Caeruleum
496 1045 541 1086 in
558 1045 799 1097 gremium.
819 1039 1124 1099 latebrosaque
1145 1044 1328 1088 flumina
1344 1077 1356 1099 ,
1377 1045 1531 1088 victos.

229 1118 284 1155 At
302 1118 459 1161 Caesar‚
481 1114 644 1168 triplici
659 1114 862 1157 invectus
883 1117 1083 1157 Romana
1098 1114 1324 1170 triumpho

229 1184 388 1227 Moenia
402 1216 412 1232 .
435 1185 501 1226 dis
520 1185 638 1226 Italis
656 1186 810 1226 votum
828 1185 1078 1228 immortale
1096 1186 1321 1231 sacrabat.

229 1255 412 1296 Maxima
428 1258 496 1297 ter
516 1256 696 1296 eentum
713 1257 853 1296 totam
874 1254 1057 1312 delubra
1075 1266 1153 1309 per
1171 1255 1353 1298 Urbem.

230 1324 397 1366 Laetitia
415 1322 619 1377 ludisque
638 1325 720 1366 viae
737 1325 980 1378 plausuque
1004 1323 1269 1373 fremebant;

231 1394 444 1436 Omnibus
462 1395 510 1435 in
534 1394 707 1448 templis
727 1398 921 1437 matrum
940 1393 1123 1442 chorus,
1145 1394 1351 1437 omnibus
1370 1404 1454 1437 arae
1472 1411 1482 1435 ·.

233 1464 347 1504 Ante
364 1473 458 1505 aras
475 1464 638 1504 terram
658 1463 759 1504 caesi
778 1468 974 1505 stravere
989 1463 1187 1514 juvenci.

231 1537 342 1587 Ipse,
365 1532 521 1576 sedens
540 1534 671 1576 niveo
691 1534 919 1577 candentis
935 1534 1088 1577 limine
1111 1533 1288 1580 Phoebi,

234 1606 355 1645 Dona
376 1604 655 1654 recognoscit
673 1604 963 1658 populorum,
986 1606 1195 1658 aptatque
1213 1603 1412 1658 superbis

236 1674 437 1718 Postibus
454 1672 694 1716 :incedunt
711 1674 839 1715 victae
859 1674 993 1726 longo
1013 1673 1170 1714 ordine
1190 1677 1344 1727 gentes
1357 1705 1367 1721 .

235 1745 376 1792 Quam
393 1743 528 1785 varias
549 1744 711 1795 linguis
728 1775 737 1789 ,
753 1741 906 1784 habitu
924 1744 1012 1784 tam
1033 1744 1163 1785 vestis
1183 1747 1226 1785 et
1246 1744 1395 1784 armis.

237 1811 320 1854 I-Iie
335 1810 581 1853 Nomadum
601 1821 739 1863 genus
760 1814 803 1853 et
824 1811 1059 1854 discinctos
1082 1811 1292 1853 Mulciber
1313 1811 1465 1857 Atros.

240 1882 321 1923 Hic
344 1882 518 1934 Lelegas
536 1912 547 1933 ,
564 1884 780 1935 Carasque
796 1913 807 1931 ,
827 1880 1180 1935 sagittiferosque
1196 1880 1389 1924 Gelonos

240 1951 462 1994 Finxerat.
484 1951 731 2006 Euphrates
750 1951 840 1992 ibat
850 1951 943 2002 jam
964 1950 1140 1993 mollior
1154 1950 1285 1992 undis
1298 1982 1308 1999 ‚

241 2019 519 2072 Extremique
539 2018 770 2060 hominum
786 2019 944 2060 Morini
964 2049 972 2063 ,
995 2018 1264 2071 Rhenusque
1278 2018 1488 2064 bicornis.

241 2089 539 2142 indomitique
556 2089 684 2131 Daliae
705 2121 714 2137 ‚
732 2092 777 2131 et
794 2091 974 2142 pontem
995 2088 1246 2142 indignatus
1267 2092 1444 2132 Araxes.

294 2160 414 2201 Talia
431 2171 509 2214 per
528 2158 720 2213 clipeum
737 2159 947 2205 Vulcani,
972 2158 1092 2201 dona
1112 2160 1329 2213 parentis,

245 2229 439 2276 Miratur,
461 2239 700 2281 rerumque
719 2227 896 2281 ignarus
920 2227 1110 2280 imagine
1129 2226 1318 2281 gaudet3

247 2298 475 2342 Adtollens
497 2298 683 2341 humero
706 2298 953 2351 famamque
969 2301 1012 2341 et
1030 2297 1118 2340 fata
1137 2301 1367 2351 nepotum.

826 2407 978 2457 ἓὲἓίὲῗ»

1437 339 1461 375 m

1465 339 1487 375 L*-

1491 339 1515 375 Q!
