1917 2942
333 351 412 391 242
862 350 1118 389 AENEIDOS
1586 354 1634 390 57

334 434 579 482 Horridus,
601 435 647 475 in
663 434 820 486 jaculis
840 438 884 475 et
900 434 1015 488 pelle
1038 433 1267 487 Libystidis
1291 446 1400 477 ursae
1423 452 1431 474 :

332 506 459 548 'l‘ro‘ia
476 505 661 546 Crimiso
682 507 950 557 conceptum
971 502 1153 546 flumine
1170 507 1311 547 mater

332 578 473 626 Quem
490 575 657 628 genuit.
677 575 890 616 Veterum
903 584 994 614 non
1015 573 1248 616 immemor
1263 574 1334 616 ille
1355 577 1589 627 parentum

332 645 543 685 Gratatur
561 642 767 689 reduces,
792 645 835 683 et
849 653 951 694 gaza
968 641 1093 683 laetus
1111 643 1275 694 agresti

331 712 527 767 Excipit,
551 722 600 753 ac
624 710 757 753 fessos
773 710 930 762 opibus
948 711 1116 752 solatur
1136 712 1301 753 amicis.

382 785 568 823 Postera
586 791 725 834 quum
737 781 880 834 primo
896 779 1043 822 stellas
1058 782 1239 824 Oriente
1263 780 1434 834 fugarat

333 851 463 892 Clara
481 850 573 893 dies
592 882 600 898 ,
623 851 768 892 socios
784 850 830 889 in
850 852 1015 891 coetum
1035 850 1161 892 litore
1183 850 1235 891 ab
1253 851 1374 892 omni

333 918 536 960 Advocat
555 921 711 960 AEueas
725 949 736 970 ,
757 918 1003 972 tumulique
1031 929 1082 960 ex
1107 929 1269 972 aggere
1288 918 1406 960 fatur
1426 937 1434 959 ι

390 1003 406 1023 α
429 987 690 1029 Dardanidae
710 988 878 1038 magni,
905 998 1043 1040 genus
1067 990 1153 1030 alto
1172 1000 1196 1030 a
1217 989 1428 1041 sauguine
1448 989 1597 1031 divum
1618 1022 1624 1037 ‚

335 1061 519 1097 Annuus
538 1057 696 1099 exactis
713 1057 962 1110 completur
981 1057 1204 1099 mensibus
1224 1058 1364 1103 orbis,

333 1127 392 1167 Ex
411 1136 500 1178 quo
515 1126 724 1179 reliquias
741 1125 969 1179 divinique
990 1138 1087 1168 ossa
1108 1128 1304 1180 parentis

334 1195 622 1236 Condidimus
636 1198 777 1243 terra,
802 1198 1067 1249 maestasque
1087 1199 1355 1241 sacravimus
1374 1208 1485 1240 aras.

335 1268 521 1318 Jamque
545 1266 660 1313 dies,
683 1266 730 1306 ni
748 1264 892 1312 fallor,
909 1265 1030 1307 adest
1047 1296 1056 1313 ,
1076 1276 1207 1319 quem
1227 1279 1403 1322 semper
1416 1268 1642 1313 acerbum.

334 1337 516 1389 Semper
529 1333 799 1377 honoratum
816 1335 895 1385 (sic
914 1334 957 1374 di
974 1335 1194 1388 voluistis)
1210 1336 1398 1379 habebo.

338 1406 467 1445 l-lunc
482 1413 585 1455 ego,
608 1404 791 1444 Gaetulis
810 1414 985 1456 agerem
1003 1404 1037 1445 si
1059 1404 1251 1456 syrtibus
1272 1407 1406 1457 exsul,

334 1473 601 1526 Argolicove
615 1472 728 1513 mari
747 1472 1013 1525 deprensus.
1033 1476 1076 1514 et
1095 1473 1204 1516 urbe
1222 1477 1441 1527 Mycenae;

335 1544 496 1582 Annua
514 1542 617 1583 vota
632 1544 778 1584 tamen
796 1540 1101 1594 solemnesque
1121 1542 1276 1583 ordine
1295 1553 1478 1597 pompas

334 1613 615 1663 Exsequeoer,
635 1615 937 1664 strueremque
953 1611 1039 1652 suis
1056 1611 1208 1652 altaria
1225 1610 1370 1653 (lonis.

334 1682 460 1723 Nunc
472 1680 592 1721 ultro
607 1680 663 1721 ad
682 1679 852 1722 eineres
864 1680 999 1733 ipsius
1015 1682 1060 1722 et
1078 1691 1175 1721 ossa
1190 1680 1382 1733 parentis
1399 1711 1408 1727 ,

333 1750 463 1791 Haud
483 1750 688 1804 equidem
702 1750 797 1790 sine
815 1739 964 1790 mente
983 1780 992 1796 ‚
1010 1759 1129 1794 reor,
1146 1747 1238 1789 sine
1257 1749 1441 1789 numine
1457 1748 1629 1800 divum,

334 1818 554 1860 Adsumus
571 1849 580 1866 ,
605 1821 649 1860 et
671 1820 824 1872 portus
844 1816 978 1859 delati
999 1819 1215 1858 intramus
1231 1817 1413 1859 amicos.

335 1892 451 1941 Ergo
467 1889 583 1941 agite
596 1920 606 1936 ,
630 1890 674 1930 et
688 1889 838 1930 laetum
856 1887 1005 1929 cuncti
1022 1886 1294 1929 celebremus
1314 1887 1534 1929 honorem
1552 1905 1561 1934 ;

332 1964 571 2004 Poscamus
581 1962 756 2008 ventos,
771 1962 901 2013 atque
921 1960 1017 2002 haec
1035 1971 1105 2002 me
1128 1970 1252 2001 sacra
1269 1964 1379 2012 quot
1397 1961 1525 2002 annis

333 2030 449 2072 Urbe
464 2030 569 2073 velit
587 2030 726 2082 posita
749 2029 921 2081 templis
934 2028 1013 2069 sibi
1034 2027 1147 2071 ferre
1167 2029 1336 2088 dicatis.

259 2093 443 2142 “fiina
457 2100 592 2142 boum
616 2099 740 2141 vobis
757 2101 886 2151 Troja
900 2104 1134 2151 generatus
1154 2102 1333 2142 Acestes

334 2172 417 2211 Dat
432 2180 621 2212 numero
641 2170 784 2222 capita
806 2170 848 2209 in
869 2179 1027 2211 naves:
1050 2169 1254 2211 adhibete
1273 2173 1481 2215 Penates,

333 2243 388 2280 Et
405 2239 569 2292 patrios
591 2239 728 2294 epulis
748 2271 755 2286 ,
779 2241 822 2280 et
845 2250 954 2291 quos
974 2239 1080 2280 colit
1098 2239 1256 2292 hospes
1279 2242 1469 2282 Acestes

334 2313 576 2358 Praeterea,
596 2311 630 2350 si
644 2321 762 2351 nona
782 2309 898 2351 diem
916 2310 1173 2352 mortalibus
1195 2309 1358 2352 almum

338 2385 508 2424 Aurora
523 2380 728 2422 extulerit
743 2412 753 2431 ,
771 2379 989 2432 radiisque
1008 2381 1215 2422 retexerit
1233 2381 1386 2421 orbem
1403 2411 1411 2428 ‚

335 2448 481 2493 Prima
500 2452 597 2494 ciiae
614 2451 792 2493 Teucris
818 2461 979 2505 ponam
997 2450 1240 2493 certamina
1261 2450 1427 2496 classis:
