1917 2942
298 335 373 373 160
825 340 1081 379 AENEIDOS
1528 344 1608 384 7221

293 424 493 465 Crateras
509 433 693 474 magnos
708 425 919 470 statuunt,
939 430 982 468 et
999 427 1101 467 vina
1116 432 1346 469 coronant.

290 493 362 531 Fit
377 494 583 546 strepitus
595 494 741 542 tectis,
758 504 1002 548 vocemque
1023 507 1101 549 per
1119 497 1262 550 ampla
1277 499 1479 540 volutant

290 562 415 604 Atria
433 580 443 611 ;
466 562 722 617 dependent
739 563 889 614 lychni
910 565 1186 617 laquearibus
1204 568 1347 609 aureis

285 632 476 676 Incensi.
499 636 542 675 et
561 635 739 676 noctem
757 632 941 676 flammis
959 633 1118 675 funalia
1137 636 1341 678 vincunt.

288 702 373 744 Hic
391 702 543 754 regina
559 713 742 754 gravem
756 703 941 754 gemmis
966 714 1163 755 auroque
1179 707 1396 758 poposcit,

287 770 353 810 Im
362 771 582 824 11levitque
600 782 724 813 mero
745 776 956 824 pateram,
976 783 1107 825 quam
1125 776 1266 821 Belus,
1286 777 1330 817 et
1349 786 1504 818 omnes

292 845 324 880 A
344 840 448 883 Belo
465 841 600 883 soliti.
622 847 733 881 Tum
755 840 870 883 facta
885 842 1061 884 silentia
1081 843 1204 884 tectis
1228 860 1236 883 :

288 925 303 945 «
326 910 545 963 ¹Iuppiter,
569 909 814 963 hospitibus
833 921 936 951 nam
961 914 1003 952 te
1026 911 1130 954 dare
1146 915 1246 963 jura
1265 914 1525 965 loquuntur,

286 981 419 1020 Hunc
436 979 588 1020 laetum
611 980 839 1033 Tyriisque
864 981 981 1023 diem
1004 983 1221 1034 Trojaque
1237 983 1446 1034 prosectis

282 1051 384 1092 Esse
400 1048 522 1096 vetis,
544 1053 805 1101 nostrosque
823 1049 952 1102 hujus
969 1051 1219 1094 meminisse
1238 1054 1449 1093 minores.

281 1118 409 1161 Adsit
430 1118 593 1160 laetitiae
613 1119 807 1161 Bacchus
826 1120 966 1168 dator,
988 1126 1031 1162 et
1047 1121 1163 1162 bona
1188 1125 1332 1163 Juno!

280 1189 338 1228 Et
356 1199 447 1234 vos,
473 1198 499 1228 o
518 1188 696 1233 caetum,
720 1189 855 1240 Tyrii,
881 1190 1100 1231 celebrate
1123 1189 1367 1233 faventes.»

335 1257 465 1302 Dixit,
490 1259 534 1298 et
551 1257 597 1297 in
617 1268 815 1298 mensam
838 1257 1018 1299 laticum
1048 1259 1198 1300 libavit
1217 1260 1449 1304 honorem.

278 1326 531 1378 Primaque,
554 1326 706 1373 libato,
736 1338 909 1370 summo
930 1332 1054 1370 tenus
1071 1329 1226 1382 adtigit
1246 1341 1337 1373 ore.

278 1402 389 1438 Tum
411 1399 533 1439 Bitiae
555 1397 677 1440 dedit
695 1399 964 1452 increpitans
987 1411 996 1435 τ
1020 1400 1093 1442 ille
1116 1401 1311 1454 iti-miger
1329 1401 1473 1441 hausit

276 1470 563 1521 Spumantem
583 1470 794 1521 pateram,
815 1472 857 1509 et
873 1469 1003 1521 pleno
1021 1481 1067 1511 se
1082 1470 1251 1523 proluit
1266 1481 1391 1511 auro.

277 1539 384 1578 Post
401 1537 472 1578 alii
494 1537 718 1590 proceres.
737 1537 912 1578 Cithara
931 1540 1118 1579 crinitus
1134 1542 1263 1593 lopas

278 1611 494 1649 Personat
511 1611 679 1654 aurata,
700 1606 853 1649 docuit
872 1620 968 1661 quae
984 1609 1198 1650 maximus
1218 1609 1355 1650 Atlas.

277 1677 361 1718 Hic
378 1677 497 1718 canit
518 1682 738 1719 errantem
754 1679 920 1724 lunam,
941 1678 1133 1731 solisque
1148 1677 1345 1725 labores;

273 1746 399 1790 Unde
413 1747 644 1789 hominum
655 1758 808 1799 genus,
824 1748 1092 1802 etpeeudes;
1110 1747 1228 1789 unde
1240 1748 1379 1789 imber
1393 1753 1433 1789 et
1449 1749 1571 1800 ignes
1588 1768 1595 1795 ;

274 1819 529 1863 Arcturum,
552 1817 812 1870 pluviasque
831 1817 1020 1869 Hyadas,
1040 1819 1328 1870 geminosque
1345 1817 1528 1860 Triones
1545 1836 1556 1868 ;

271 1885 388 1935 Quid
407 1888 579 1927 tantum
594 1888 773 1928 Oceano
791 1888 1033 1941 properent
1053 1898 1099 1929 se
1122 1886 1291 1938 tingere
1308 1885 1421 1928 soles

271 1955 471 2001 Hiberni,
490 1957 560 1999 vel
580 1968 675 2010 quae
698 1957 831 1998 tardis
851 1968 975 1999 mora
993 1957 1200 1999 noctibus
1222 1958 1383 1999 obstet.

271 2027 556 2077 Ingeminant
578 2027 728 2080 plausu
748 2028 883 2079 Tyrii,
905 2031 1128 2080 Troesque
1146 2029 1408 2080 sequuntur.

269 2098 362 2138 Nec
380 2108 471 2138 non
488 2102 531 2139 et
546 2099 670 2139 vario
687 2100 863 2141 hoctem
883 2109 1086 2140 sermone
1109 2098 1306 2140 trahebat

263 2166 425 2209 Infelix
441 2167 567 2215 Dido,
587 2167 863 2220 longumque
882 2166 1059 2210 bibebat
1075 2179 1298 2216 amoremg

269 2239 407 2279 Multa
422 2250 555 2290 super
570 2239 751 2279 Priamo
772 2238 985 2290 rogitans.
1006 2249 1139 2293 super
1156 2242 1349 2281 Hectore
1366 2240 1501 2281 multa
1527 2254 1536 2276 ε

268 2310 413 2354 Nunc,
432 2309 590 2361 quibus
606 2312 793 2349 Aurorae.
814 2309 1010 2350 venisset
1031 2307 1144 2349 silius
1165 2309 1296 2350 armis
1314 2325 1323 2355 ς

268 2380 409 2425 Nunc,
429 2379 579 2431 quales
600 2378 827 2421 Diomedis
847 2379 978 2432 equi:
1013 2389 1148 2426 nunc,
1167 2382 1356 2431 quantus
1380 2378 1585 2420 Achilles.

267 2465 283 2486 ι
312 2452 452 2491 immo
477 2461 572 2503 age,
597 2453 640 2492 et
659 2461 682 2491 a
705 2450 847 2503 prima
863 2449 948 2497 dic,
971 2450 1144 2503 hospes,
1165 2449 1337 2500 origine
1356 2449 1482 2490 nohis
