1917 2942
277 369 357 408 643
809 367 973 406 LIBER
1003 369 1075 408 lv.
1513 367 1590 405 237

281 452 573 505 Sanguineam
589 451 775 495 volvens
794 452 931 495 aciem
952 484 964 506 ,
979 453 1253 507 maculisque
1273 456 1513 497 trementes

283 520 502 563 interfusa
522 531 679 574 genas,
705 523 750 562 et
771 520 934 575 pallida
954 525 1102 565 morte
1125 522 1273 563 sutura
1287 552 1296 568 ,

284 591 504 633 Interiora
523 589 682 631 domus
702 589 910 643 irrumpit
931 591 1106 639 limina,
1130 595 1173 633 et
1190 591 1305 632 altos

280 658 549 702 Conscendit
564 659 808 701 furibunda
829 670 985 713 rogos,
1009 671 1249 712 ensemque
1269 659 1460 704 recludit

283 728 577 777 Dardanium,
601 739 693 770 non
713 728 794 770 hos
811 730 1046 789 quaesiturji
1064 740 1225 770 munus
1239 729 1287 769 in
1307 731 1434 770 usus!
1464 720 1594 768 „ssvl'sf
1662 723 1664 725 ’
1711 724 1715 729 ’

284 798 381 845 Hic,
403 801 638 854 postquam
660 799 812 840 Iliacas
830 801 974 841 vestes
1001 802 1249 851 notumque
1264 798 1409 839 cubile

282 868 548 922 Conspexit,
572 867 754 920 paulum
776 868 979 920 lacrymis
998 869 1043 910 et
1058 869 1208 909 mente
1235 867 1434 910 morata.

283 939 579 991 Incubuitque
600 940 714 988 toro,
739 936 932 990 dixitque
950 937 1189 978 novissima
1203 935 1337 978 verba
1356 951 1366 974 ι

340 1023 357 1044 α
381 1006 540 1049 Dulces
562 1006 753 1052 exuviae,
778 1005 882 1048 dum
899 1005 986 1047 fata
1007 1004 1203 1058 deusque
1222 1004 1448 1049 sinebant,

286 1074 622 1129 Adcipitelianc
641 1075 857 1119 animam,
879 1084 1040 1126 meque
1057 1074 1123 1115 liis
1145 1073 1358 1116 exsolvite
1379 1071 1515 1114 curis.

284 1144 382 1186 vixi
397 1176 407 1192 ‚
430 1147 494 1192 et,
517 1155 648 1196 quem
670 1143 853 1186 dederat
874 1153 1054 1185 cursum
1074 1141 1255 1184 fortuna
1269 1173 1278 1189 ,
1298 1141 1454 1194 peregi
1472 1158 1484 1188 ;

287 1218 340 1256 Et
360 1226 483 1257 nunc
503 1225 659 1267 magna
679 1214 765 1257 mei
786 1214 866 1256 sub
890 1217 1027 1255 terras
1047 1214 1126 1254 ibit
1141 1215 1306 1265 imago.

285 1286 346 1324 Ul
350 1284 448 1325 bem
467 1283 722 1337 praeclaram
740 1282 901 1330 statui3
924 1293 1023 1324 mea
1042 1281 1207 1323 moenia
1226 1280 1342 1329 vidi;
1463 1333 1476 1339 „

284 1352 387 1393 Uita
400 1352 572 1398 virum,
596 1363 751 1417 poenas
770 1350 952 1393 inimico
974 1363 997 1392 a
1028 1350 1162 1393 fratre
1181 1350 1360 1412 recepi
1447 1348 1450 1350 ’

286 1422 443 1472 Felix,
462 1420 580 1463 beu
572 1422 579 1446 l
603 1420 792 1461 nimium
813 1420 931 1471 felix,
953 1421 989 1463 si
1006 1420 1135 1462 litora
1163 1413 1338 1461 tantum

287 1490 523 1543 Nunquam
542 1488 779 1531 Dardaniae
802 1489 1047 1543 tetigissent
1071 1492 1223 1531 nostra
1243 1489 1405 1531 carinas
1425 1492 1434 1530 2
1459 1504 1476 1526 ι)

289 1560 435 1606 Dixit3
456 1545 515 1608 et,
537 1571 586 1602 os
602 1560 815 1614 impressa
833 1562 932 1601 toro
952 1577 962 1600 ι
984 1575 1001 1596 n
1025 1559 1267 1601 Moriemur
1288 1559 1468 1599 inultae!

230 1628 373 1687 „Sed
393 1629 655 1677 moriamur,
674 1627 750 1670 ait.
772 1628 864 1675 Sic,
880 1630 943 1670 sic
961 1629 1041 1679 juv
1046 1632 1090 1669 at
1114 1630 1179 1670 ire
1196 1627 1277 1669 sub
1299 1628 1495 1669 umbras.

288 1700 479 1740 Hauriat
494 1697 616 1740 hunc
635 1699 772 1741 oculis
796 1699 945 1751 ignem
962 1708 1010 1739 ci
1013 1698 1155 1740 udelis
1175 1698 1229 1740 ab
1249 1698 1339 1739 alto

291 1768 546 1815 Dardanus,
568 1769 613 1810 et
629 1771 793 1809 nostiae
821 1779 975 1810 secum
993 1765 1104 1810 ferat
1123 1767 1273 1808 omina
1302 1765 1475 1807 mortis
1500 1780 1518 1802 n

344 1838 537 1878 Dixerat.
559 1837 705 1890 Atque
724 1837 845 1878 illam
862 1837 1006 1878 media
1026 1836 1142 1879 inter
1162 1836 1264 1877 talia
1280 1835 1400 1877 ferro

291 1905 536 1962 collapsam
557 1906 810 1961 adspiciunt
828 1909 1036 1952 comites,
1058 1918 1300 1958 ensemque
1321 1916 1479 1949 cruore

289 1977 599 2028 Spumantem,
618 1988 877 2030 sparsasque
897 1988 1071 2020 manus.
1092 1979 1131 2017 lt
1146 1976 1316 2017 clamor
1334 1975 1390 2017 ad
1410 1975 1498 2016 alta

291 2046 439 2095 Atria;
458 2057 719 2090 concussam
736 2047 981 2090 bacchatur
1005 2046 1120 2089 fama
1141 2058 1223 2100 per
1243 2046 1419 2087 urbem.

290 2118 514 2159 Lamentis
540 2118 821 2171 gemituque,
850 2121 893 2161 et
911 2117 1105 2161 femineo
1128 2117 1317 2165 ululatu,

291 2191 425 2230 Tecta
443 2187 659 2237 fremunt3
681 2192 857 2230 resonat
874 2189 1047 2241 magnis
1069 2188 1358 2243 plangoribus
1379 2185 1541 2229 aetber:

292 2259 393 2298 Non
416 2258 544 2301 aliter
570 2270 703 2312 quam
722 2258 756 2300 si
776 2259 987 2300 immissis
1010 2262 1111 2300 ruat
1123 2258 1325 2300 hostibus
1339 2257 1485 2300 omnis

293 2327 531 2380 CarthagQ
549 2330 624 2369 aut
639 2329 820 2383 antiqua
838 2331 1003 2381 Tyros,
1029 2327 1309 2382 flammaeque
1331 2327 1528 2369 furentes

292 2397 494 2440 culmina
513 2410 681 2453 perque
693 2398 931 2441 hominum
946 2399 1187 2441 volvantur
1202 2410 1370 2454 perque
1388 2396 1591 2441 deorum.

349 2466 500 2508 Audiit
515 2468 752 2514 exanimis,
775 2468 1043 2522 trepidoque
1063 2469 1270 2512 exterrita
1291 2479 1446 2514 eursu.
