1917 2942
381 328 458 368 362
906 325 1168 364 AENEIDOS
1618 324 1690 362 ‘217

382 417 487 463 Quae
509 414 550 453 te
565 412 656 453 sola
677 440 685 458 ‚
705 415 829 463 puer,
848 410 996 452 multis
1016 420 1039 451 e
1058 409 1273 452 matribus
1291 420 1390 451 ausa
1407 442 1415 457 ,

385 481 685 535 Persequitur.
706 481 853 533 magni
878 491 959 523 nec
979 482 1143 522 moenia
1159 483 1284 522 curat
1307 483 1488 522 Acestae.
1513 497 1527 517 ι

379 552 455 592 Ille
475 554 623 592 autern
645 567 655 591 ι
682 564 698 586 «
716 552 873 590 Causas
891 549 1187 602 nequidquam
1206 550 1345 592 nectis
1359 552 1510 592 inanes
1529 580 1538 593 .

382 624 472 663 Nec
490 631 588 662 mea
600 622 693 671 jam
714 622 880 661 mutata
899 620 998 661 loco
1014 619 1233 661 sententia
1252 619 1384 661 cedit.

386 691 720 735 Adceleremus,
742 703 759 727 »
786 690 859 730 ait.
884 689 1043 741 Vigiles
1066 690 1194 731 simul
1213 689 1398 731 excitat:
1419 690 1480 731 illi

383 758 661 806 Succedunt,
684 760 947 812 servantque
967 760 1084 800 vices
1107 775 1116 798 :
1136 760 1324 801 statione
1342 761 1493 802 relicta

384 834 482 884 Ipse
501 839 648 871 comes
669 828 772 869 Niso
793 829 1006 880 graditur,
1029 839 1269 882 regemque
1287 830 1534 882 requirunt.

439 900 594 940 Cetera
614 909 693 951 per
712 900 852 940 terras
872 910 1026 940 omnes
1046 899 1250 940 animalia
1270 911 1427 942 somno

392 968 613 1009 Laxabant
630 979 758 1011 curas
778 970 823 1009 et
841 968 976 1010 corda
996 969 1133 1010 oblita
1150 969 1351 1010 laborum
1375 986 1384 1008 ι

392 1038 603 1078 nuctores
623 1036 841 1079 Teucrum
862 1037 991 1088 primi
1012 1069 1020 1083 ,
1044 1036 1215 1079 delecta
1228 1039 1463 1088 Juxrentus.

386 1106 628 1148 Consilium
648 1108 830 1148 summis
850 1108 976 1159 regni
1000 1106 1054 1148 de
1071 1108 1201 1149 rebus
1221 1107 1462 1156 habebant,

387 1178 504 1226 Quid
521 1175 739 1225 facerent,
760 1178 912 1230 quisve
931 1180 1074 1217 AEneae
1086 1178 1179 1228 jain
1198 1177 1388 1218 nuncius
1404 1179 1516 1218 essct
1534 1192 1542 1215 ι

386 1249 513 1290 Stant
531 1246 676 1299 longis
694 1245 838 1288 adnixi
860 1246 993 1286 hastis
1012 1248 1055 1286 et
1072 1249 1194 1287 scuta
1213 1247 1413 1287 tenentes
1428 1275 1438 1291 ‚

389 1319 647 1359 Castrorum
667 1320 711 1356 et
731 1316 874 1369 campi
895 1313 1055 1356 medio.
1073 1318 1182 1355 Tum
1201 1314 1329 1355 Nisus
1347 1317 1390 1357 et
1404 1326 1490 1357 una

392 1386 605 1438 Euryalus
622 1384 855 1426 confestim
872 1385 1037 1426 alacres
1056 1384 1281 1425 admittier
1302 1388 1432 1426 orant
1454 1400 1464 1424 :

395 1458 502 1498 Rem
521 1465 753 1507 magnam.
779 1454 1055 1507 pretiumque
1074 1464 1209 1495 morae
1234 1452 1344 1495 fore.
1364 1456 1535 1496 Primus
1560 1456 1676 1496 liilns

391 1526 581 1579 Adcepit
596 1524 815 1577 trepidoS,
838 1534 888 1564 ac
911 1523 1056 1564 Nisum
1079 1523 1226 1565 dicere
1244 1524 1385 1573 jussit.

388 1598 500 1635 Tum
520 1592 581 1634 sic
598 1590 858 1641 Hy1·ta‹·ides
876 1606 885 1630 z
908 1605 923 1626 «
947 1590 1106 1633 Audite
1126 1602 1152 1632 o
1172 1591 1393 1633 mentibus
1414 1593 1570 1646 eequis,

392 1661 595 1704 AEneadae
613 1678 623 1708 ;
645 1671 757 1702 neve
776 1659 872 1701 haec
893 1661 1055 1701 nostris
1075 1662 1330 1713 spectentur
1346 1660 1398 1701 ab
1414 1662 1566 1706 annis,

390 1734 497 1780 Quae
514 1728 713 1773 ferimus.
736 1728 888 1769 Rutuli
906 1739 1065 1769 somno
1088 1728 1279 1781 vinoque
1297 1730 1432 1783 soluti
1482 1726 1485 1728 ’

393 1802 659 1844 Conticuere
677 1818 687 1841 ι
706 1802 854 1841 locum
871 1798 1041 1841 insidiis
1058 1800 1364 1853 conspeximus
1381 1800 1464 1854 ipsi
1482 1830 1491 1846 ,

390 1870 474 1921 Qui
493 1872 614 1924 patet
627 1871 674 1911 in
688 1869 809 1911 bivio
826 1872 989 1923 portae,
1013 1880 1111 1922 quae
1130 1868 1327 1923 proxima
1346 1873 1485 1922 ponto
1508 1883 1518 1905 z

389 1941 631 1993 interrupti
653 1941 777 1993 ignes
792 1970 802 1989 ‚
824 1943 1004 1990 aterque
1029 1938 1084 1979 ad
1106 1937 1249 1980 sidera
1276 1937 1418 1980 sumus

393 2012 584 2065 Erigitur
606 2028 615 2051 ι
638 2011 671 2052 si
691 2013 887 2052 Fortuna
907 2010 1159 2064 permittitis
1181 2010 1242 2050 uti
1264 2039 1273 2055 ,

386 2081 628 2131 Quaesitum
649 2083 815 2122 AEnean
838 2080 889 2121 ai]
909 2079 1078 2120 moenia
1095 2079 1322 2119 Pallantea

386 2156 483 2191 Mox
502 2150 572 2192 liic
592 2161 693 2193 cum
708 2148 857 2202 spoliis
875 2180 884 2196 ,
906 2148 1078 2200 ingenti
1095 2147 1216 2189 caede
1237 2150 1437 2199 peracta,

387 2221 553 2264 Adfore
574 2221 764 2264 cernetis
782 2236 792 2268 ;
816 2230 897 2262 nec
914 2230 996 2261 nos
1018 2220 1090 2260 via
1111 2217 1230 2260 fallet
1250 2221 1404 2261 euntes
1429 2231 1438 2254 ε

390 2291 586 2332 Vidimus
603 2278 800 2332 obscuris
822 2290 1009 2341 primam
1028 2289 1106 2330 sub
1126 2288 1309 2330 vallibus
1329 2289 1484 2332 urbem
1505 2322 1513 2334 .

385 2363 554 2401 venatu
573 2359 756 2401 adsiduo
775 2390 783 2405 ‚
806 2361 850 2399 et
871 2360 1011 2400 totum
1033 2358 1326 2411 cognovimns
1349 2370 1541 2401 amnem.
1566 2377 1580 2394 η

439 2431 521 2472 Hic
547 2433 671 2473 annis
693 2430 837 2483 gravis
860 2432 989 2482 atquc
1010 2428 1142 2469 animi
1163 2432 1359 2473 maturus
1383 2430 1526 2470 Aletes
1547 2445 1555 2467 :
