1917 2942
211 346 289 385 ⁴58
730 345 890 385 LIBER
921 346 999 387 111.
1473 354 1523 394 99

258 429 425 469 Rursus
444 438 549 469 cura
569 428 741 482 patrum
760 429 917 473 cadere
932 461 943 479 ,
966 433 1011 473 et
1037 432 1275 476 succedere
1295 437 1488 477 matrum

206 496 381 550 Incipit.
396 497 565 538 Exactis
584 497 776 550 gravidae
793 510 932 552 quum
949 500 1172 543 mensibus
1192 507 1368 550 errant,

206 568 242 605 N
249 577 308 607 on
322 567 416 608 illas
436 567 643 619 gravibus
660 568 888 621 quisquam
902 570 1011 622 juga
1032 570 1194 614 ducere
1209 572 1411 625 plaustris
1427 604 1437 620 .

205 636 305 675 Non
318 635 429 676 saltu
448 646 657 687 superare
671 635 790 677 viam
812 637 868 678 sit
885 649 1063 690 passus,
1088 641 1132 680 et
1154 640 1244 681 acri

204 707 393 759 Carpere
411 707 538 757 prata
556 704 682 758 fuga,
706 705 955 759 fluviosque
971 707 1125 750 innare
1152 719 1345 763 rapaces,

204 772 393 816 Saltibus
407 774 455 814 in
475 775 626 815 vacuis
643 778 846 827 pascant,
867 778 912 817 et
930 777 1062 830 plena
1080 778 1326 820 secundum

205 842 434 884 Flumina:
456 854 632 885 muscus
648 843 721 885 ubi
740 875 750 892 ‚
782 849 825 886 et
839 843 1105 888 viridissima
1126 848 1324 899 gramine
1342 847 1436 901 ripa
1452 881 1462 897 ,

203 912 519 965 speluncaeque
536 916 707 966 tegant,
726 915 770 955 et
785 924 912 956 saxea
934 916 1153 969 procubet
1168 918 1340 959 umbra.

201 982 277 1020 Est
293 982 416 1022 lucos
436 981 564 1023 Silari
580 982 722 1030 circa,
745 982 1004 1037 ilicibusque
1020 986 1239 1028 virentem

202 1049 426 1092 Plurimus
448 1051 697 1094 Alburnum
713 1052 926 1101 volitans,
947 1056 1019 1097 cui
1041 1064 1207 1098 nomen
1225 1056 1333 1099 asilo

202 1121 454 1162 Romanum
474 1125 552 1168 est,
575 1126 760 1163 cestrum
782 1122 904 1163 Graii
921 1124 1097 1166 vertere
1114 1129 1323 1168 vocantes
1341 1140 1350 1173 ;

200 1192 353 1241 Asper,
371 1189 526 1231 acerba
545 1201 706 1232 sonans
725 1206 734 1231 z
758 1203 844 1244 quo
864 1195 956 1233 tota
977 1193 1184 1235 exterrita
1198 1194 1318 1237 silvis

200 1256 448 1310 Diffugiunt
468 1263 664 1302 armenta
674 1275 686 1308 ς
710 1259 815 1302 furit
830 1260 1073 1314 mugitibus
1089 1262 1227 1305 {ether

198 1330 449 1369 concussus
469 1360 478 1376 ‚
498 1329 705 1380 silvaeque
722 1331 767 1371 et
781 1329 887 1371 sicci
903 1331 999 1383 ripa
1013 1332 1228 1383 Tanagri.

199 1398 295 1439 Hoc
312 1398 539 1451 quondam
553 1402 755 1440 monstro
772 1398 1007 1441 horribiles
1026 1401 1222 1444 exercuit
1241 1401 1328 1444 iras

201 1466 393 1508 Inachiae
412 1470 533 1510 Juno
551 1472 721 1522 pestem
737 1468 947 1511 meditata
959 1471 1182 1521 juvencae.

197 1539 327 1577 Hunc
346 1548 522 1590 quoque
542 1569 550 1585 ‚
571 1548 676 1579 nam
693 1538 851 1580 mediis
868 1538 1114 1581 fervoribus
1129 1539 1276 1582 acrior
1294 1539 1429 1584 instat
1447 1572 1458 1592 ‚

197 1606 376 1647 Arcebis
393 1605 577 1659 gravido
592 1607 743 1661 pecori
763 1638 772 1654 ‚
802 1609 1089 1661 armentaque
1107 1620 1257 1662 pasces

197 1673 302 1716 sole
324 1686 479 1718 recens
496 1677 596 1717 orto
615 1706 625 1724 ,
647 1679 724 1718 aut
743 1679 924 1719 noctem
943 1676 1208 1720 elucentibus
1226 1679 1366 1721 astris.

248 1748 358 1787 Post
372 1750 564 1800 partum,
581 1757 690 1788 cura
704 1747 753 1788 in
771 1747 932 1789 vitulos
947 1747 1195 1790 traducitur
1213 1749 1376 1797 omnis:

197 1815 507 1867 Continuoque
523 1819 648 1856 notas
665 1818 709 1857 et
727 1816 910 1857 nomina
928 1817 1073 1870 gentis
1089 1817 1296 1871 inuruntg
1504 1847 1512 1869 2

195 1885 251 1924 Et
269 1915 278 1931 ,
298 1895 406 1937 quos
436 1885 513 1926 aut
531 1884 683 1938 pecori
698 1886 855 1926 malint
874 1886 1137 1928 submittere
1154 1884 1382 1934 habendo.

195 1956 282 1994 Aut
299 1953 382 1995 aris
402 1964 575 1995 servare
592 1965 737 1995 sacros
755 1985 763 2001 ‚
783 1957 856 1995 aut
875 1953 1076 1997 scindere
1098 1957 1286 2003 terram,

194 2024 249 2062 Et
266 2034 471 2078 campum
483 2022 744 2066 horrentem
760 2023 907 2065 fractis
927 2024 1153 2066 invertere
1172 2024 1332 2076 glebis;

194 2094 352 2135 Cetera
368 2098 610 2146 pascuntur
627 2092 789 2136 virides
805 2094 1004 2134 armenta
1020 2104 1100 2147 per
1114 2091 1288 2136 herbas.

194 2165 259 2203 Tu
273 2173 383 2215 quos
403 2160 457 2203 ad
472 2161 668 2204 studium
689 2166 818 2215 alque
836 2173 968 2204 usum
983 2162 1193 2205 formabis
1212 2166 1430 2217 agrestem
1446 2198 1453 2212 ,

194 2233 218 2270 J
223 2243 294 2273 am
313 2232 473 2274 vitulos
489 2231 690 2280 hortare,
712 2232 920 2284 viamque
935 2233 1087 2276 insiste
1103 2233 1334 2281 domandi,

198 2305 308 2340 lium
328 2298 477 2343 faciles
492 2300 625 2342 animi
640 2302 858 2351 Juvenum
872 2330 884 2352 ,
912 2301 1020 2343 dum
1036 2303 1212 2344 mobilis
1233 2307 1350 2346 aetas.

197 2377 258 2412 Ac
279 2372 474 2424 primum
492 2373 612 2415 laxos
631 2372 757 2414 tenui
777 2372 831 2416 de
852 2372 1017 2415 vimine
1038 2373 1194 2416 circlos

196 2441 365 2484 cervici
390 2442 628 2488 subuectcz
654 2441 830 2489 dehinc.
851 2443 925 2484 ubi
946 2442 1080 2486 libera
1096 2443 1210 2486 eolla
