1917 2942
265 366 336 404 ¹478
787 363 952 402 LIBER
992 364 1044 402 11.
1520 363 1571 399 71)

261 454 396 494 Nosse
418 451 525 505 quot
544 450 656 491 Ionii
676 448 857 492 veniant
875 448 930 489 ad
952 449 1082 490 litora
1104 444 1275 491 fluctus.

313 522 404 563 Nec
422 531 528 562 vero
552 522 675 561 terrae
698 519 810 562 ferre
830 527 984 560 omnes
1006 518 1153 560 omnia
1171 518 1368 571 possunt.

258 590 531 632 Fluminibus
553 589 704 632 salices
724 621 731 635 ‚
752 589 993 639 crassisque
1012 587 1244 641 paludibus
1261 586 1348 628 alni

259 664 296 701 N
303 662 536 709 ascuntur;
559 660 729 702 steriles
745 660 904 701 saxosis
925 658 1150 700 montibus
1170 658 1290 702 orni;

257 731 404 771 Litora
420 729 621 782 myrtetis
646 729 894 775 laetissin·1a;
917 727 1109 779 denique
1132 728 1308 780 aprrtos

259 800 454 842 Bacchus
471 800 588 841 amat
602 799 733 840 colles
751 814 762 847 ς
780 799 1045 851 Aquilonem
1064 798 1108 838 et
1131 796 1293 847 frigora
1310 796 1409 835 taxi.

260 868 448 923 Adspice
472 872 515 911 et
531 870 733 911 extremis
752 867 969 909 domitum
988 866 1226 908 cultoribus
1247 864 1397 907 orbem
1415 895 1425 913 ,

259 941 457 993 ansque
476 939 629 980 domos
660 938 853 979 Arabum
871 969 879 985 ,
901 938 1129 990 pictosque
1145 936 1352 977 Gelonos.

257 1004 416 1046 Divisae
437 1004 663 1046 arboribus
683 1002 835 1056 patriae
858 1019 867 1042 ε
890 1002 980 1043 sola
998 1001 1123 1043 India
1141 1002 1319 1053 nigrum

258 1071 361 1110 Fert
378 1069 565 1111 ebenum
581 1084 590 1116 ;
607 1068 710 1109 solis
729 1069 794 1109 est
814 1070 935 1108 turea
950 1066 1077 1119 virga
1096 1065 1270 1107 Sabaeis.

257 1139 371 1189 Quid
388 1138 466 1179 tihi
487 1139 673 1181 odorato
693 1136 877 1180 referam
897 1137 1101 1179 sudantia
1119 1137 1241 1188 ligno

256 1209 569 1261 Balsamaque‚
592 1211 636 1251 et
652 1209 807 1250 baccas
827 1218 1000 1260 semper
1022 1205 1267 1248 frondentis
1287 1202 1493 1246 acanthi?

258 1278 373 1329 Quid
394 1288 577 1320 nemora
593 1277 849 1330 AEthiopum
866 1308 874 1324 ‚
893 1276 1017 1318 molli
1034 1275 1237 1318 canentia
1253 1275 1355 1315 lana
1367 1273 1386 1312 ἱ)

259 1348 516 1400 velleraque
537 1349 587 1389 ut
611 1346 722 1389 foliis
743 1345 981 1400 depectant
1001 1346 1147 1390 tenuia
1166 1346 1319 1387 Seres?

261 1422 350 1461 Aut
364 1430 473 1473 quos
495 1422 670 1461 Oceano
690 1419 872 1473 propior
890 1419 1006 1470 gerit
1019 1416 1145 1458 India
1163 1418 1307 1465 lucos,

259 1490 450 1532 Extremi
470 1489 588 1530 sinus
612 1488 729 1531 orbis
745 1505 753 1529 :
773 1489 847 1530 ubi
867 1499 967 1530 aera
982 1489 1161 1529 vincere
1176 1496 1397 1527 summum

260 1558 441 1601 Arboris
459 1559 577 1601 haud
594 1560 694 1600 ullae
707 1561 829 1611 jactu
845 1560 1030 1613 potuere
1046 1557 1213 1610 sagittae
1225 1557 1244 1596 ἱ)

259 1631 314 1669 Et
328 1640 433 1683 gens
449 1628 523 1672 illa
541 1630 719 1684 quidem
735 1630 888 1670 sumtis
907 1639 1001 1670 non
1020 1627 1142 1669 tarda
1156 1624 1370 1680 ‘pharetris

260 1698 400 1741 Media
426 1697 509 1740 fert
530 1699 671 1741 tristes
691 1710 868 1746 succos,
889 1698 1155 1750 tardumque
1174 1706 1375 1749 saporem

261 1768 415 1811 Felicis
434 1770 536 1811 mali
556 1802 564 1817 ‚
585 1780 673 1822 quo
694 1780 785 1810 non
810 1769 1067 1823 premendus
1084 1767 1224 1808 ullum
1244 1795 1254 1811 ‚

260 1840 427 1880 Pocula
443 1839 477 1879 si
497 1838 674 1891 quando
689 1849 815 1881 saevae
833 1839 1025 1880 infecere
1041 1846 1246 1878 novercas

258 1908 635 1959 (liliscueruntque
649 1906 804 1949 herbas
824 1910 867 1949 et
886 1918 976 1948 non
992 1906 1172 1948 innoxia
1191 1905 1362 1951 verba),

260 1978 484 2019 Auxilium
501 1978 625 2020 venit
638 2008 647 2024 ‚
668 1989 719 2021 ac
737 1977 945 2019 membris
968 1976 1058 2028 agit
1075 1980 1169 2016 atra
1187 1985 1374 2016 venena.

260 2048 358 2098 Ipsa
377 2048 532 2098 ingens
549 2046 673 2088 arbos
692 2079 700 2094 ‚
726 2046 968 2098 faciemque
986 2045 1205 2087 simillima
1221 2045 1369 2085 lauro:

261 2117 339 2163 Et,
362 2116 397 2156 si
422 2128 513 2156 non
537 2117 670 2158 alium.
688 2117 775 2157 late
791 2118 980 2167 jactaret
1001 2115 1208 2162 odorem,

262 2187 430 2225 Laurus
454 2187 547 2228 erat
565 2200 573 2225 ε
606 2185 707 2227 solia
725 2184 844 2226 haud
857 2186 956 2226 ullis
977 2186 1168 2228 labentia
1185 2184 1329 2227 ventis
1347 2200 1356 2231 ;

262 2254 363 2296 Flos
378 2254 432 2295 ad
453 2255 592 2308 prima
612 2258 739 2298 tenax
758 2271 766 2294 :
787 2256 951 2297 animas
972 2260 1016 2298 et
1035 2255 1202 2298 olentia
1223 2253 1338 2297 Medi

266 2328 353 2366 Ora
374 2324 524 2367 fovent
548 2325 627 2366 illo
644 2345 660 2375 ‚·
675 2329 718 2367 et
742 2326 918 2368 senibus
934 2326 1213 2369 medicantur
1231 2323 1432 2368 anhelis(

315 2395 400 2437 Sed
422 2407 562 2449 neque
584 2395 812 2438 Medorum
828 2398 971 2445 silvas,
998 2395 1207 2439 ditissima
1235 2401 1374 2442 terra,

267 2467 357 2508 Nec.
378 2465 561 2519 pulcher
579 2467 771 2520 Ganges.
796 2471 924 2520 atque
945 2479 1052 2509 auro
1072 2466 1269 2510 turbidus
1292 2470 1506 2511 Hermus.
