1917 2942
253 344 320 382 ¹64
744 344 908 395 {ABER
939 344 1051 380 vul.
1090 340 1094 344 ’
1478 345 1556 383 555

247 426 519 480 Compellare
536 428 702 473 virum,
724 429 767 468 et
784 425 944 476 dextrae
960 429 1235 477 conjungere
1250 426 1447 485 dextram
1466 444 1475 467 ε

249 496 447 543 Adcessi,
468 498 512 539 et
527 495 716 550 cupidus
733 495 903 539 Phenei
922 496 1003 538 suh
1021 497 1185 538 moenia
1202 495 1321 536 duxi.

246 566 320 609 llle
340 565 449 607 mihi
476 567 691 619 insignem
720 564 973 620 pharetram
989 565 1233 618 Lyciasque
1247 566 1427 617 sagittas

246 633 481 677 Discedens
501 633 868 688 chlamydemque
888 645 997 676 auro
1019 633 1141 676 dedit
1162 635 1445 677 intertextam
1460 666 1470 681 ,

247 707 473 758 Frenaque
489 705 615 757 bina,
634 716 757 747 meus
777 717 873 756 quae
891 716 1014 747 nunc
1032 704 1186 751 habet,
1205 715 1363 752 aurea,
1390 705 1552 746 Pallas.

244 776 357 826 Ergo
373 777 440 821 et,
459 785 591 827 quam
609 773 697 826 peti
709 775 759 815 tis
776 804 786 822 ‚
802 775 956 826 J‘uncta
976 776 1040 815 est
1058 771 1166 813 mihi
1190 772 1355 815 foedere
1370 772 1549 821 dextra;

244 846 296 884 Et
311 875 321 890 ,
342 846 413 885 lux
427 856 563 897 quum
579 846 772 899 primum
789 846 916 886 terris
934 855 981 886 se
1000 843 1192 886 crastina
1209 843 1389 890 reddet.

244 913 419 954 Auxilio
438 913 559 955 laetos
577 913 809 960 dimittam,
833 913 1275 967 opibusquejuvabo.

242 983 415 1024 Interea
434 993 561 1025 sacra
574 983 692 1030 ham,
714 983 891 1035 quando
909 981 998 1023 huc
1018 981 1199 1024 venistis
1216 981 1363 1028 amici,

242 1043 427 1098 Annua,
450 1062 546 1104 quae
567 1049 745 1093 differre
766 1051 888 1093 nefas
907 1081 916 1097 ‚
940 1049 1162 1093 celebrate
1184 1049 1383 1093 faventes

243 1120 506 1171 Nobiscum,
526 1122 672 1172 etjam
692 1131 814 1162 nunc
833 1120 1058 1162 sociorum
1074 1119 1318 1163 adsuescite
1332 1122 1512 1162 mensis.
1530 1136 1546 1158 »

292 1192 398 1231 Haec
417 1188 490 1231 uhi
514 1189 632 1231 dicta
647 1220 657 1240 ,
678 1189 810 1243 dapes
823 1191 953 1241 ,iubet
978 1195 1020 1231 et
1040 1189 1213 1231 sublata
1232 1189 1389 1243 reponi

244 1260 426 1307 Pocula,
449 1261 770 1313 gramineoque
785 1261 903 1302 viros
922 1260 1041 1301 locat
1058 1261 1148 1313 ipsc
1164 1259 1288 1307 sedili
1303 1276 1314 1308 ;

240 1329 607 1384 Praecipuumque
629 1333 729 1371 toro
748 1331 793 1371 et
810 1329 953 1371 villosi
974 1329 1088 1382 pelle
1108 1329 1247 1373 leonis

243 1396 415 1450 Adcipit
431 1401 617 1445 AEnean.
642 1398 841 1451 solioque
860 1399 1020 1439 invitat
1040 1409 1218 1440 acerno.

240 1468 350 1505 Tum
371 1467 473 1507 tecti
490 1469 676 1517 juvenes
696 1467 897 1508 certatim
921 1477 1096 1520 araeque
1113 1466 1317 1509 sacerdos

241 1535 416 1578 Viscera
438 1540 545 1578 tosta
563 1535 710 1578 ferunt
731 1541 984 1584 taurorum,
1008 1539 1286 1589 onerantque
1305 1537 1507 1578 canistris

243 1608 367 1646 Dona
384 1605 532 1647 labora
541 1609 593 1647 tae
617 1607 801 1653 Cereris,
824 1606 1136 1658 Bacchumque
1156 1605 1428 1647 ministrant.

240 1674 437 1716 Vescitur
455 1678 607 1717 AEneas
620 1705 630 1723 ,
656 1675 788 1717 simul
806 1678 852 1716 et
868 1677 1057 1726 Trojana
1071 1676 1283 1726 J'uventus
1296 1705 1306 1720 ‚

239 1745 445 1797 Perpetui
462 1748 585 1797 tergo
604 1745 730 1786 bovis
750 1748 795 1786 et
813 1744 1067 1787 lustralibus
1087 1746 1214 1786 extis.

286 1816 522 1866 Postquam
537 1826 658 1857 exem
666 1817 708 1856 ta
720 1815 870 1860 fames.
884 1818 928 1857 et
940 1825 1354 1868 amorcompressus
1367 1813 1544 1861 edendi,

239 1887 329 1927 Rex
346 1885 580 1928 Evandrus
601 1887 660 1928 ait
679 1903 688 1926 ε
713 1901 728 1923 «
749 1888 849 1929 Non
866 1885 962 1928 haec
982 1885 1196 1928 solemnia
1215 1885 1359 1931 nobis,

238 1959 325 1997 Has
345 1967 396 1998 ex
410 1967 535 1999 more
552 1956 829 2010 dap‹·s,11anc
849 1957 959 1999 tanti
982 1957 1178 1998 numinis
1194 1967 1331 2007 aram,

236 2030 354 2069 Vana
375 2029 628 2082 superstitio
648 2030 937 2082 veterumque
957 2029 1111 2081 ignara
1136 2029 1322 2072 deorum

238 2098 479 2150 Imposuit:
501 2098 646 2144 saevis,
667 2097 827 2150 hospes
845 2100 1031 2149 T1·ujanc
1047 2130 1056 2145 ‚
1077 2098 1253 2151 periclis

234 2168 397 2209 Servati
417 2168 621 2213 facimus,
648 2168 915 2219 meritosque
935 2178 1154 2209 novamus
1173 2168 1383 2210 honores.

234 2238 334 2278 Jam
354 2238 546 2290 primum
564 2239 675 2280 saxis
694 2247 949 2289 suspensam
967 2236 1083 2279 hanc
1101 2237 1278 2291 adspice
1299 2249 1454 2292 rupem
1479 2255 1487 2278 :

198 2364 201 2366 q
234 2308 434 2359 Disjectae
456 2307 609 2361 procui
632 2310 680 2347 ut
701 2306 861 2354 moles,
885 2306 1147 2360 desertaque
1166 2307 1331 2349 montis

230 2380 324 2420 Stat
342 2378 519 2426 domus.
551 2382 594 2420 et
613 2377 784 2432 scopuli
803 2379 1031 2431 ingentem
1054 2382 1222 2421 traxere
1240 2378 1429 2420 ruinam.

233 2446 314 2486 Hic
334 2447 548 2499 spelunca
568 2445 670 2495 tuit,
691 2448 815 2489 vasto
835 2447 1041 2489 submota
1062 2459 1232 2491 recessu
1252 2467 1262 2498 ;
