1917 2942
389 305 465 343 276
915 303 1173 342 AENEIDOS
1624 305 1697 344 462

389 389 579 430 Diceret.
604 390 745 439 Atque
766 387 828 428 illi
850 388 1064 429 Misenum
1085 388 1131 428 in
1147 388 1281 430 litore
1300 388 1433 436 sicco,

389 463 446 502 Ut
460 471 636 507 venere,
662 460 816 502 vident
830 459 1016 511 indigna
1035 464 1178 502 morte
1197 463 1460 513 peremtum,

386 530 604 572 Misenum
622 529 836 577 AEoliden,
867 540 955 581 qno
976 539 1067 570 non
1084 531 1361 582 praestantior
1376 531 1488 573 alter

387 602 485 642 AEre
500 601 615 641 ciere
629 600 761 646 viros,
782 601 1054 652 Martemque
1074 599 1319 641 adcendere
1335 603 1482 643 cantu,

384 670 588 711 Hectoris
605 668 678 710 hic
697 668 842 721 magni
863 667 1006 710 fuerat
1024 679 1170 710 comes
1188 686 1196 716 ;
1217 672 1407 712 Hectora
1425 671 1593 713 circum

385 741 438 779 Et
455 739 566 779 lituo
584 749 752 791 pugnas
772 738 956 790 insignis
978 738 1127 779 obibat
1146 741 1189 779 et
1203 737 1352 780 hasta:

384 810 623 861 Postquam
643 808 767 850 illum
783 808 873 849 vita
889 809 1032 849 victor
1053 807 1258 861 spoliavit
1279 808 1483 855 Achilles,

384 875 607 917 Dardanio
624 880 771 918 AEnece
790 887 884 918 sese
907 875 1165 918 fortissimus
1185 876 1314 918 heros

385 946 631 988 Addiderat
644 946 826 995 socium,
847 957 938 987 non
955 947 1166 989 inferiora
1182 951 1404 1000 sequutus.

382 1017 466 1058 Sed
483 1019 590 1064 tum,
611 1014 722 1057 torte
741 1026 848 1057 cava
866 1015 971 1056 dum
991 1018 1196 1069 personat
1214 1026 1387 1068 aequora
1404 1015 1588 1067 concha,

383 1088 588 1131 Demens.
605 1088 649 1127 et
665 1088 796 1127 cantu
819 1088 949 1126 vocat
967 1084 1014 1124 in
1034 1085 1276 1126 certamina
1293 1083 1433 1131 divos,

382 1155 578 1195 AEinulus
595 1159 827 1207 exceptum
844 1153 1000 1195 Triton
1021 1154 1074 1204 (si
1096 1152 1277 1196 credere
1298 1152 1481 1205 dignum
1502 1156 1579 1202 est)

381 1228 504 1268 Inter
519 1236 620 1266 saxa
640 1225 785 1265 virum
806 1235 1012 1277 spumosa
1030 1225 1305 1267 immerserat
1319 1224 1454 1265 unda.

379 1297 495 1348 Ergo
512 1307 665 1337 omnes
682 1306 845 1346 magno
864 1295 1034 1337 circum
1054 1294 1248 1336 clamore
1267 1293 1531 1339 fremebam&

380 1366 610 1418 Praecipue
629 1364 727 1418 *pius
747 1368 917 1407 AEneas.
938 1367 1051 1405 Tum
1067 1367 1183 1414 jussa
1199 1364 1388 1415 Sibyllae.

379 1435 418 1472 H
424 1433 510 1474 aud
525 1445 665 1480 mora,
689 1432 898 1475 festinant
915 1433 1082 1480 ssentes;
1101 1445 1308 1486 aramque
1328 1434 1515 1487 sepulcri

378 1505 627 1554 congerere
642 1502 885 1549 arboribus,
909 1502 1109 1555 coeloque
1130 1493 1316 1544 educere
1332 1505 1519 1544 certant.

377 1573 474 1612 Itur
491 1571 534 1610 in
554 1572 778 1623 antiquam
793 1571 964 1616 silvam,
987 1571 1156 1612 stabula
1176 1572 1261 1612 alta
1281 1569 1472 1612 ferarum
1495 1584 1504 1605 ι

376 1641 683 1681 Procumbunt
702 1640 837 1694 piceae
852 1656 861 1680 :
878 1642 1006 1681 sonat
1022 1640 1108 1682 icta
1127 1640 1348 1681 securibus
1367 1640 1476 1685 ilex3

374 1710 690 1762 Fraxineaeque
705 1710 848 1751 trabes
864 1711 1017 1752 cuneis
1037 1711 1081 1751 et
1097 1709 1227 1752 fissile
1245 1709 1384 1751 robur

373 1778 623 1826 Scinditur;
645 1779 892 1821 advolvunt
905 1781 1108 1831 ingentes
1126 1779 1351 1821 montibus
1372 1789 1521 1820 ornos.

427 1851 462 1889 N
471 1860 520 1890 ec
538 1859 627 1889 non
646 1852 800 1890 AEneas
814 1859 950 1903 opera
968 1850 1084 1889 inter
1106 1848 1204 1889 talia
1220 1849 1387 1899 primus

373 1920 587 1959 Hortatur
604 1918 759 1964 socios,
784 1918 1046 1972 paribusque
1061 1916 1313 1969 adcingitur
1333 1916 1493 1963 armis;

373 1990 518 2041 Atque
536 1986 631 2029 haec
647 1987 739 2041 ipse
755 1998 835 2029 suo
859 1988 973 2029 tristi
992 1998 1094 2028 cum
1109 1986 1244 2029 corde
1266 1988 1449 2039 volutat,

372 2055 646 2110 Adspectans
661 2057 817 2098 silvam
832 2056 1109 2105 immensam,
1132 2060 1176 2099 et
1194 2058 1256 2098 sic
1275 2068 1382 2099 voce
1397 2058 1600 2110 precatur
1621 2073 1629 2095 ι

374 2141 390 2161 α
412 2126 454 2166 Si
469 2137 590 2168 nune
606 2138 651 2168 se
671 2127 799 2168 nobis
819 2127 891 2169 ille
910 2137 1066 2167 aureus
1086 2125 1242 2167 arbore
1263 2137 1410 2167 ramus

370 2197 582 2239 Ostendat
600 2207 782 2240 nemore
798 2197 843 2237 in
860 2200 987 2239 tanto
1005 2197 1014 2236 Ξ
1038 2195 1217 2248 quando
1235 2196 1384 2238 omnia
1403 2207 1525 2242 vere,

370 2269 488 2309 Heu!
511 2267 698 2308 nimium
718 2268 773 2309 de
792 2269 833 2309 te
850 2272 991 2312 vates,
1014 2266 1192 2316 Misene,
1209 2266 1358 2308 locuta
1376 2269 1458 2308 est.
1478 2281 1495 2302 ι)

424 2337 503 2377 Vix
520 2348 570 2378 ea
593 2335 702 2379 fatus
721 2338 828 2382 erat,
851 2336 1040 2390 geminae
1057 2347 1192 2389 quum
1212 2334 1326 2377 forte
1347 2335 1563 2377 columbae

368 2409 465 2461 Ipsa
484 2406 565 2448 sub
585 2417 661 2449 ora
677 2407 761 2449 viri
776 2407 891 2450 coelo
908 2417 1072 2449 venere
1092 2406 1309 2452 volantes,
