1917 2942
815 333 963 371 VlTA.
1498 334 1544 371 {5

296 421 460 480 Eglsse
492 430 687 465 eausam
706 417 884 463 dicitur
905 417 1048 464 semel
1069 417 1295 472 o1nuin03
1321 429 1545 464 sermone

237 497 553 549 tardissimus,
569 509 624 542 ac
634 495 963 554 peneindoeto
979 494 1165 541 similis,
1186 493 1360 542 Tradit
1370 496 1435 541 M.
1454 495 1542 543 Se-

234 589 376 630 neca,
401 576 454 621 ut
475 575 763 622 Ciceronem
795 575 1069 632 eloquentia
1100 588 1185 620 sua
1215 574 1267 620 in
1305 575 1536 623 carmini-

231 654 320 700 bus
341 653 580 706 destituit,
596 654 664 699 ita
682 652 892 714 Virgilio
913 652 1241 713 illamingenii
1260 652 1538 700 felicitatem

230 732 279 778 in
301 733 518 779 oratione
537 733 688 778 soluta
710 731 933 778 defuisse.

290 811 445 856 Tanta
469 810 561 856 fuit
578 822 771 856 morum
793 809 1025 863 castitate,
1044 810 1097 855 ut
1107 809 1313 868 Neapoli
1333 812 1533 857 Parthe-

228 891 340 936 nias
360 889 505 949 vulgo
520 888 762 936 diceretur
774 905 787 943 ς
804 890 938 935 tanta
960 888 1191 936 modestia
1207 922 1220 943 ‚
1246 891 1300 935 ut
1322 889 1361 935 si
1380 902 1534 948 quan-

226 965 288 1012 do
326 968 519 1020 Romae,
556 978 654 1026 quo
695 979 808 1013 raro
844 967 1145 1014 commeabat
1159 1000 1171 1020 ,
1202 968 1444 1014 viseretur
1481 969 1532 1013 in

226 1045 441 1103 publico,
468 1045 703 1092 sectantes
722 1046 1253 1104 commonstrantesque
1273 1058 1322 1092 se
1341 1047 1533 1093 subter—

225 1122 428 1182 fugeret.
460 1124 563 1169 Nec
595 1124 758 1169 tamen
783 1124 941 1169 caruit
964 1123 1128 1169 fructu
1166 1125 1349 1178 laudis,
1392 1138 1527 1184 quae,

221 1213 373 1261 quum
395 1199 707 1259 repudiatur,
740 1200 1031 1247 cumulatior
1052 1201 1212 1247 redire
1232 1203 1351 1248 solet
1375 1219 1385 1247 :
1412 1216 1526 1249 nam

220 1280 426 1338 populus
442 1313 452 1332 ,
474 1277 651 1324 auditis
674 1279 724 1323 in
737 1278 926 1325 theatro
937 1279 1133 1338 Virgilii
1153 1281 1374 1327 versibus
1389 1315 1400 1335 ,
1420 1295 1526 1327 sur-

220 1358 340 1404 rexit
361 1356 612 1403 universus
625 1375 640 1412 3
662 1360 831 1403 etcum
852 1359 978 1404 sorte
999 1361 1283 1417 praesentem
1305 1363 1523 1418 spectan-

215 1437 411 1495 temque
429 1435 499 1481 sic
509 1437 761 1481 veneratus
773 1435 867 1489 est,
891 1437 1026 1494 quasi
1042 1436 1330 1496 Augustum.
1353 1438 1523 1497 Quum

215 1514 410 1573 quidam
435 1527 602 1561 versus
631 1513 692 1559 ab
714 1525 769 1559 eo
788 1513 938 1560 factos
966 1513 1057 1559 sibi
1086 1514 1443 1569 adscriberent,
1472 1518 1520 1562 id

217 1605 312 1639 non
333 1591 478 1639 modo
494 1603 588 1637 non
607 1604 735 1650 aegre
753 1591 937 1638 ferebat
951 1627 962 1645 ,
982 1592 1157 1639 sedsua
1180 1593 1323 1640 etiam
1342 1595 1393 1640 iu
1413 1595 1519 1639 aliis

212 1670 394 1717 laudari
410 1669 727 1717 libentissime
746 1670 1042 1728 patiebatur:
1067 1672 1195 1730 quod
1215 1685 1366 1732 quum
1391 1686 1517 1732 saepe

135 1777 137 1780 v
210 1749 350 1804 aliaS,
373 1750 479 1795 tum
505 1749 556 1793 in
574 1750 666 1794 hoc
683 1749 892 1807 eleganti
912 1748 1118 1796 disticho
1139 1751 1344 1810 contigit
1366 1768 1377 1795 :

338 1918 452 1953 Nocte
470 1914 568 1960 pluit
586 1915 660 1950 tota
675 1924 683 1955 ;
701 1913 862 1950 redeunt
876 1915 1091 1957 spectacula
1108 1922 1223 1949 mane
1240 1925 1249 1950 :

382 1977 557 2012 Divisum
570 1974 782 2018 imperium
798 1982 886 2010 eum
904 1978 995 2009 Jove
1014 1977 1137 2009 Caesar
1154 1974 1284 2009 babet.

265 2129 428 2188 Quum
453 2124 709 2185 aliquando
743 2125 951 2170 Ennium
988 2125 1149 2185 legens
1172 2126 1499 2186 interrogare-

203 2210 309 2259 tur,
336 2206 450 2266 quid
473 2205 664 2265 ageret,
686 2203 938 2260 respondit
956 2215 1140 2250 aurum>
1155 2217 1204 2250 se
1230 2204 1456 2264 colligere
1477 2218 1503 2250 e

202 2289 411 2332 stercore
427 2285 589 2332 Ennii.
609 2283 879 2343 Benignu83
907 2283 1065 2329 cultor
1093 2284 1312 2330 omnium
1349 2284 1499 2331 bono-

201 2376 308 2409 rum
329 2366 471 2425 atque
487 2367 790 2414 eruditorum
803 2387 816 2423 3
841 2369 902 2414 ab
921 2369 1103 2416 invidia
1124 2370 1192 2416 sic
1214 2370 1397 2416 alienus
1411 2405 1422 2423 ,
1448 2372 1501 2415 ut

197 2440 236 2485 si
258 2441 369 2499 quid
396 2445 583 2491 erudite
603 2445 786 2491 dietum
810 2446 1001 2492 audiret
1026 2448 1252 2501 alteriue,
1286 2462 1383 2495 nou
1404 2450 1498 2495 mi-
