1917 2942
253 304 328 345 607
782 305 944 343 LIBER
975 306 1020 343 Υ.
1476 304 1554 344 261-

247 393 424 434 Iliacam
442 389 496 432 ad
517 391 710 435 classem,
730 393 975 442 ventosque
995 389 1188 443 adspirat
1210 391 1346 438 eunti,

250 463 386 502 Multa
400 471 598 507 movens,
622 459 815 502 necdum
832 461 1062 513 antiquum
1080 462 1273 502 saturata
1290 460 1505 502 dolorem.

250 532 344 580 Illa,
363 532 481 573 viam
502 530 698 573 celerans
719 542 796 583 per
812 530 932 573 mille
953 532 1175 573 coloribus
1194 543 1364 583 arcum,

250 600 369 641 Nulli
390 601 497 649 visa,
519 601 607 642 cito
627 599 822 641 decurrit
842 600 1016 642 tramite
1036 599 1175 651 virgo.

250 671 477 722 Conspicit
499 670 726 721 ingentem
744 680 1028 721 concursum,
1047 673 1090 711 et
1112 671 1241 712 litora
1259 672 1430 718 lustrat,

250 741 541 792 Desertosquc
565 737 688 780 videt
707 743 874 792 portus,
894 740 1162 792 classemque
1182 740 1403 786 relictam;

252 811 309 849 At
325 810 478 862 procul
498 810 544 849 in
563 808 659 849 sola
675 809 852 850 secretae
872 809 1062 851 Troades
1081 813 1176 851 acta

252 879 472 918 Amissum
494 876 720 918 Anchisen
741 876 916 924 flebant,
936 879 1195 929 cunct-aeque
1216 875 1489 930 profundum

250 949 447 987 Pontum
464 945 776 1001 adspectabant
798 945 967 988 flentes.
989 949 1109 988 Heu!
1133 948 1197 988 tot
1217 946 1330 988 vada
1349 946 1485 994 fessis,

252 1021 305 1058 Et
325 1019 496 1058 tantum
513 1028 741 1069 superesse
761 1017 916 1058 maris!
935 1028 1023 1059 vox
1040 1018 1244 1058 omnibus
1259 1028 1362 1059 una.

251 1088 415 1128 Urbem
434 1089 561 1128 orant
583 1099 592 1123 :
617 1085 747 1128 taedet
768 1086 911 1139 pelagi
928 1085 1124 1139 perferre
1141 1086 1353 1128 laborem.

252 1158 370 1207 Ergo
389 1156 504 1198 inter
523 1154 689 1197 medias
708 1165 802 1196 sese
825 1154 945 1196 haud
964 1155 1121 1206 ignara
1139 1154 1335 1197 nocendi

252 1225 454 1277 conjicit,
477 1228 521 1268 et
536 1224 777 1277 faciemque
797 1224 890 1266 deae
908 1228 1165 1278 vestemque
1185 1225 1365 1279 reponit
1383 1240 1394 1263 ι

255 1296 324 1336 Fit
338 1296 493 1342 Beroe,
516 1295 678 1336 Tmarii
696 1295 857 1345 conJ‘ux
875 1294 1077 1346 longaeva
1098 1295 1303 1345 Dorycli,

255 1366 337 1406 Cui
352 1375 505 1417 genus,
524 1366 569 1405 et
584 1363 808 1417 quondam
829 1373 1009 1409 nomen,
1032 1363 1213 1416 natique
1232 1361 1448 1405 fuissent:

258 1441 323 1477 Ac
344 1437 407 1478 sic
422 1433 724 1476 Dardaniduin
744 1433 937 1475 mediam
952 1444 999 1475 se
1013 1434 1229 1475 matribus
1247 1433 1382 1476 infert
1400 1449 1411 1472 ι

313 1521 329 1542 α
349 1506 587 1550 omiseras,
611 1516 717 1558 quas
734 1515 826 1546 non
841 1515 1015 1552 manus,
1036 1505 1194 1557 inquit,
1214 1505 1406 1546 Achaica
1424 1503 1540 1546 bello

258 1577 453 1618 Traxerit
469 1575 524 1625 ad
544 1577 698 1621 ictum,
721 1576 874 1628 patrias
896 1575 977 1616 sub
997 1574 1236 1616 moenibus!
1262 1585 1289 1614 o
1309 1585 1417 1627 gens

258 1643 437 1691 Infelix,
458 1645 532 1688 cui
548 1647 589 1686 te
605 1645 736 1685 exitio
753 1645 950 1686 Fortuna
968 1645 1195 1686 reservat?

257 1716 451 1769 Septima
464 1718 564 1768 post
584 1715 724 1765 Trojae
742 1714 960 1757 excidium
977 1714 1067 1765 jam
1089 1715 1281 1756 vertitur
1300 1717 1441 1760 aestas,

260 1788 407 1835 Quum
426 1784 553 1835 freta,
575 1795 712 1837 quum
733 1788 869 1825 terras
887 1794 1057 1831 omnes,
1085 1785 1152 1824 tot
1166 1782 1388 1836 inhospita
1407 1793 1521 1831 saxa,

257 1855 496 1908 Sideraque
514 1867 701 1898 emensae
722 1853 926 1901 ferimur3
951 1853 1060 1894 dum
1081 1866 1159 1906 per
1178 1865 1300 1895 mare
1322 1863 1537 1905 magnum

261 1922 431 1963 Italiam
449 1923 676 1973 sequimur
703 1920 960 1975 fugientem,
990 1923 1034 1963 ct
1053 1921 1279 1962 volvimur
1295 1919 1444 1961 undis.

260 1993 339 2034 His
356 1992 507 2045 Erycis
522 1991 630 2034 fines
652 1990 847 2039 fraterni,
870 1995 1003 2045 atque
1017 1991 1175 2043 hospes
1199 1992 1380 2033 Acestes
1405 2006 1415 2030 ε

264 2061 380 2112 Quid
395 2052 605 2115 prohibet
623 2072 774 2103 muros
784 2063 950 2112 jacere,
971 2064 1014 2102 et
1031 2061 1136 2102 dare
1156 2060 1326 2102 civibus
1346 2059 1535 2103 urbem?

265 2133 302 2171 O
319 2131 471 2186 patria!
490 2133 535 2173 et
553 2131 665 2184 rapti
682 2131 983 2184 nequidquam
1003 2142 1055 2173 ex
1073 2129 1197 2173 hoste
1218 2133 1438 2179 Penates}

269 2201 455 2242 Nullane
469 2201 563 2251 jam
580 2203 720 2252 Trojae
741 2200 947 2242 dicentur
967 2202 1132 2242 mannia
1147 2202 1167 2241 Ρ
1181 2211 1400 2253 nusquam

268 2273 512 2314 Hectoreos
529 2283 694 2320 amnes,
716 2272 946 2313 Xanthum
962 2273 1007 2313 et
1022 2271 1248 2313 Simoenta
1269 2271 1429 2314 videbo
1442 2273 1461 2312 ἕ*

271 2340 386 2389 Quin
407 2341 536 2392 agite,
559 2342 601 2382 ct
621 2351 793 2382 mecum
812 2339 1024 2383 infaustas
1040 2341 1213 2383 exurite
1230 2352 1414 2393 puppes.

275 2410 383 2451 Nam
404 2410 511 2452 mihi
532 2410 785 2454 Cassandra:
804 2423 882 2463 per
899 2422 1104 2454 somnum
1125 2410 1233 2453 vaus
1248 2411 1403 2463 imago
1436 2461 1440 2463 ,
