1917 2942
387 287 463 325 544
917 292 1172 333 AENEIDOS
1614 301 1689 338 454

379 371 608 413 Instabam
625 389 635 420 ;
653 373 809 426 quibus
826 375 899 416 ille
917 377 1062 424 viros,
1081 377 1238 431 quibus
1256 380 1417 422 excitat
1436 383 1588 430 urbes,

378 441 619 494 AEgidaque
636 442 926 493 horriferam‚
948 447 1129 489 turbatae
1150 448 1337 493 Palladis
1357 462 1504 499 arma.

376 512 585 553 Certatim
605 513 799 565 squamis
816 517 1072 568 serpentum
1093 527 1288 571 auroque
1306 519 1505 572 polibant
1518 553 1528 568 .

377 582 695 636 Connexosque
714 594 897 636 angues,
919 586 1149 639 ipsamque
1167 588 1213 628 in
1232 590 1415 641 pectore
1435 590 1550 633 divae

377 651 587 701 Gorgona
603 680 613 700 ‚
635 652 815 696 desecto
833 659 1082 697 vertentem
1102 657 1272 699 lumina
1290 659 1424 701 collo.

432 733 448 755 ι
468 719 626 763 Tollite
640 726 817 773 cuncta,
835 724 995 775 inquit,
1013 729 1268 779 coeptosque
1281 726 1450 772 auferte
1464 728 1659 779 labores,

374 790 531 831 AEtnaei
549 791 762 845 Cyclopes
777 823 788 843 ,
811 795 856 833 et
876 792 962 836 huc
985 794 1201 836 advertite
1221 801 1418 839 mentem
1440 815 1451 838 ι

375 862 511 902 Arma
527 862 617 903 acri
634 860 835 904 facienda
849 863 965 905 viro.
988 867 1116 907 Nunc
1133 866 1299 908 viribus
1317 879 1421 910 usus
1434 900 1443 917 ,

373 932 502 974 Nunc
517 931 719 974 manibus
737 934 928 986 rapidis,
951 935 1072 976 omni
1097 947 1217 978 nunc
1238 940 1330 979 arte
1348 940 1571 991 magistra.

373 1002 653 1054 Praecipitate
671 1013 833 1045 moras.
857 1018 874 1041 »
897 1006 988 1046 Nec
1006 1006 1132 1057 plura
1152 1004 1335 1048 citatus:
1362 1011 1405 1049 at
1424 1008 1487 1049 illi

374 1072 524 1122 Ocyus
540 1070 784 1114 incubuere
801 1084 979 1119 omnes.
1003 1075 1256 1127 pariterque
1279 1077 1477 1120 laborem

371 1138 523 1179 Sortiti
543 1154 552 1177 ι
572 1137 668 1179 fluit
685 1150 743 1180 aes
761 1140 867 1180 rivis
882 1169 891 1186 ‚
911 1140 1096 1192 aurique
1115 1142 1342 1184 metallum
1359 1160 1370 1191 3

371 1207 705 1261 vulnificusque
726 1208 903 1259 chalybs
917 1213 1040 1252 vasta
1061 1209 1238 1254 fornace
1252 1213 1472 1265 liquescit.

369 1279 603 1331 Ingentem
621 1278 813 1333 clipeum
836 1278 1081 1321 informant
1101 1314 1110 1329 ,
1133 1292 1272 1323 unum
1293 1283 1445 1325 omnia
1462 1285 1618 1325 contra

370 1346 474 1389 Tela
495 1349 779 1396 Latinorum;
803 1350 1099 1402 septenosque
1120 1350 1301 1392 orbibus
1320 1351 1449 1394 orbes

369 1416 644 1470 Impediunt.
664 1417 745 1458 Alii
768 1419 962 1459 ventosis
985 1418 1160 1461 follibus
1181 1431 1309 1461 auras

370 1488 617 1542 Adcipiunt
634 1486 939 1542 redduntque;
964 1489 1039 1530 alii
1058 1489 1289 1531 stridentia
1314 1490 1492 1541 tingunt

370 1561 470 1599 AEra
491 1559 589 1599 lacu
611 1574 621 1598 ε
642 1557 778 1610 gemit
796 1558 1012 1612 impositis
1031 1557 1261 1600 incudibus
1279 1562 1473 1601 antrum.

367 1628 435 1669 Illi
451 1628 568 1670 inter
584 1639 678 1671 sese
696 1629 834 1669 multa
848 1627 892 1669 vi
909 1627 1092 1670 brachia
1110 1628 1275 1669 tollunt

367 1698 421 1737 In
441 1708 681 1739 numerum
694 1731 706 1748 ,
723 1692 987 1749 versantque
1003 1697 1149 1739 tenaci
1168 1697 1334 1751 forcipe
1354 1709 1559 1741 massam.

422 1768 527 1808 I-Iaec
542 1769 665 1819 pater
679 1766 828 1808 AEoliis
844 1770 1058 1821 properat
1078 1765 1185 1807 dum
1212 1768 1420 1809 Lemnius
1440 1770 1529 1810 oris
1542 1799 1553 1819 ,

365 1836 623 1878 Evandrum
645 1848 696 1879 ex
712 1835 871 1878 humili
892 1840 1011 1879 tecto
1030 1837 1104 1878 lux
1120 1836 1301 1879 suscitat
1317 1839 1432 1880 alma
1446 1869 1459 1889 ,

366 1909 423 1948 Et
443 1907 651 1947 matutini
670 1907 905 1950 volucrum
922 1907 1003 1949 sub
1023 1907 1218 1949 culmine
1234 1912 1406 1949 cantus.

365 1979 603 2030 Consurgit
622 1978 786 2025 senior,
808 1977 1046 2030 tunicaque
1064 1976 1291 2018 inducitur
1310 1979 1429 2019 artus
1444 2009 1454 2025 ,

362 2048 418 2087 Et
435 2045 662 2098 Tyrrhena
681 2046 843 2101 pedum
859 2046 1108 2089 circumdat
1129 2047 1303 2089 uincula
1321 2046 1503 2100 plantis;

364 2119 478 2158 Tum
497 2117 626 2159 lateri
646 2121 777 2169 atque
795 2116 994 2160 humeris
1012 2122 1245 2170 Tegeaeum
1263 2117 1455 2169 subligat
1477 2128 1651 2162 ensem,

365 2187 565 2229 Demissa
589 2187 641 2228 ab
664 2187 771 2228 laeva
788 2187 1019 2239 pantherae
1041 2189 1165 2238 terga
1185 2190 1463 2240 retorquens.

364 2258 454 2298 Nec
474 2267 567 2298 non
585 2261 629 2298 et
646 2257 809 2310 gemini
830 2255 1035 2300 custodes
1055 2256 1207 2299 limine
1229 2255 1282 2298 ab
1303 2258 1393 2298 alto

362 2325 631 2368 Praecedunt
649 2336 939 2380 gressumque
959 2336 1092 2368 canes
1112 2325 1382 2367 comitantur
1400 2324 1598 2368 herilem.

364 2394 560 2447 Hospitis
582 2399 727 2439 slinefe
752 2395 901 2437 sedem
917 2397 961 2438 et
979 2388 1148 2438 secreta
1166 2395 1363 2449 petebat,
