1917 2942
329 340 409 379 28ss
858 343 944 382 AEN
956 343 1117 382 EIDOS
1563 345 1640 383 1162

329 428 417 467 Per
432 426 530 467 loca
546 428 670 467 senta
688 426 772 467 situ
788 431 956 479 cogunt
970 430 1236 480 noctemque
1254 426 1533 482 profundam,

332 496 532 549 imperiis
548 506 678 547 egere
695 496 804 544 suis3
826 507 909 540 nec
928 497 1108 539 credere
1125 498 1249 551 quivi

331 567 465 607 Hunc
491 567 662 606 tantum
685 565 763 606 tibi
786 576 858 606 ,me
875 565 1069 609 discessu
1088 566 1200 609 ferre
1216 565 1430 610 dolorem.

333 634 444 676 Siste
460 635 671 686 gradum,
696 638 827 687 teque
844 634 1056 688 adspectu
1073 647 1130 677 ne
1148 636 1356 678 subtrahe
1376 639 1546 678 nostro.

330 706 474 754 Quem
504 703 645 757 fugis?
674 706 922 746 extremum
952 702 1060 755 tat0,
1089 706 1210 758 quod
1233 712 1273 747 te
1294 704 1523 757 adloquor,
1558 704 1642 746 hoc

379 774 553 815 Talibus
573 777 727 816 AEneas
746 774 978 816 ardentem
999 779 1040 815 et
1059 776 1183 815 torva
1203 777 1402 816 tuentem
1504 776 1517 833 [
1535 777 1638 816 est.»

325 843 510 886 Lenibat
535 843 664 885 dictis
681 844 897 889 animum,
923 843 1230 896 lacrymasque
1251 844 1410 886 ciebat.

326 913 408 955 llla
428 913 522 954 solo
540 911 648 954 fixos
666 914 820 954 ocutos
845 923 1002 955 aversa
1025 913 1223 960 tenebat3

322 985 413 1026 Nec
433 982 570 1034 magis
589 982 769 1033 incepto
793 982 968 1022 vultum
987 993 1198 1023 sermone
1215 983 1437 1030 movetur,

322 1054 465 1102 Quam
480 1050 515 1091 si
543 1050 653 1091 dura
669 1050 780 1092 silex
800 1053 876 1092 aut
894 1053 982 1092 stet
1005 1052 1219 1105 Marpesia
1241 1055 1409 1092 cautes.

327 1119 524 1161 Tandem
545 1120 764 1171 corripuit.
779 1130 889 1166 sese,
914 1121 1043 1172 atque
1064 1119 1244 1161 inimica
1257 1120 1418 1171 refugit

330 1191 384 1230 In
404 1201 558 1231 nemus
575 1188 872 1231 umbriferum
888 1205 898 1236 ς
919 1191 1083 1240 conjux
1099 1190 1174 1231 ubi
1193 1190 1408 1243 pristinus
1423 1190 1483 1231 illi

328 1257 586 1311 Respondet
604 1258 735 1308 curis,
753 1261 985 1312 aequatque
1005 1258 1211 1311 Syehteus
1230 1269 1441 1301 amorem.

322 1330 412 1370 Nec
432 1328 580 1369 minus
600 1331 770 1375 AEneas‚
796 1339 900 1369 casu
923 1339 1155 1381 percussus
1181 1329 1349 1380 iniquo,

324 1397 617 1449 Prosequitur
631 1397 882 1448 lacrymans
902 1397 1060 1449 longe,
1083 1400 1127 1439 et
1147 1398 1380 1438 miseratur
1397 1400 1572 1439 euntem
1584 1428 1594 1437 .

377 1466 485 1508 Inde
509 1466 667 1508 datum
685 1467 868 1508 motitur
888 1468 984 1508 iter.
1006 1470 1193 1520 Jamque
1213 1478 1314 1508 arva
1338 1468 1547 1510 tenebant

328 1536 516 1585 Ultima,
542 1547 639 1590 quaa
660 1537 776 1578 bello
792 1537 901 1578 clari
917 1540 1089 1579 sec-reta
1109 1537 1404 1589 frequentant.

328 1607 414 1649 Hic
430 1607 494 1648 illi
518 1607 710 1649 occurrit
727 1606 924 1658 Tydeus,
946 1606 1020 1648 hic
1036 1606 1228 1660 inclytus
1246 1607 1376 1648 armis

327 1677 673 1730 Parthenopaeus
690 1707 699 1724 ‚
725 1680 769 1718 et
794 1676 970 1718 Adrasti
985 1676 1190 1731 patientis
1210 1677 1372 1729 imago.

324 1747 408 1789 Hic
423 1746 613 1787 multum
633 1744 719 1787 [leti
739 1745 792 1787 ad
814 1756 999 1799 superos
1018 1778 1027 1792 ,
1047 1744 1252 1798 belloque
1274 1746 1455 1793 caduci,

333 1815 597 1857 Dardanidae
617 1831 626 1854 :
645 1826 755 1868 quos
771 1815 844 1857 ille
861 1826 1016 1857 omnes
1031 1814 1169 1867 longo
1191 1814 1348 1858 ordine
1370 1826 1555 1857 cernens

322 1885 876 1938 Ingemuit,Glaucumque‚
891 1883 1640 1938 Medontaque,Thersilochumque,

326 1957 432 1996 Tres
454 1953 764 2005 Antenoridas,
783 1954 1018 2006 Cererique
1038 1964 1212 1994 sacrum
1229 1952 1538 2006 Polyphoeten,

333 2023 610 2076 Idaeumque,
636 2025 772 2066 etiam
795 2035 965 2072 currus,
985 2025 1117 2065 etiam
1139 2034 1259 2076 arma
1283 2025 1524 2067 tenentem.

326 2094 629 2135 Circumstant
645 2095 803 2135 animae
825 2092 978 2136 dextra
996 2094 1192 2147 laevaque
1214 2093 1482 2146 frequentes.

323 2165 412 2206 Nec
428 2163 590 2205 vidisse
608 2163 746 2206 semel
764 2163 868 2206 satis
889 2166 954 2206 est
973 2178 982 2202 :
999 2166 1127 2214 juvat
1146 2175 1285 2217 usqne
1303 2164 1482 2211 morari,

321 2233 378 2271 Et
398 2232 601 2275 conferre
615 2233 819 2286 gradum,
841 2235 885 2274 et
901 2232 1110 2276 veniendi
1134 2233 1307 2275 discere
1329 2244 1497 2275 causas.

326 2305 385 2344 At
402 2304 601 2345 Danaum
621 2314 842 2357 proceres,
868 2303 1324 2357 Agamemnoniaeque
1347 2303 1600 2357 phalanges,

327 2375 385 2415 Ut
400 2373 556 2416 videre
577 2373 736 2420 virum,
765 2373 1070 2429 fulgentiaque
1086 2386 1206 2415 arma
1227 2386 1306 2428 per
1324 2373 1515 2423 umbras.

333 2444 510 2496 Ingenti
530 2442 751 2497 trepidare
768 2448 889 2488 metu
915 2461 924 2483 :
947 2456 1045 2498 pars
1067 2449 1238 2488 vertere
1254 2445 1391 2494 terga.
