1917 2942
342 316 391 356 22
840 316 1140 356 BUCOLICA.
1589 319 1640 357 59

888 412 1093 445 Tirinus,

343 475 458 515 Ante
476 473 591 516 leves
610 483 716 526 ergo
734 476 968 525 pascentur
985 474 1030 515 iu
1052 473 1217 517 aethere
1235 474 1380 523 cervi,

343 546 399 585 Et
414 543 521 587 freta
540 543 777 585 destituent
791 542 932 585 nudos
951 545 997 585 in
1012 544 1161 587 littore
1179 546 1317 599 pisces
1335 561 1345 594 ;

346 617 486 663 Ante,
503 615 739 668 pererratis
756 614 988 655 amborum·
1004 613 1178 660 finibus.
1198 615 1324 657 exsul

351 685 438 724 Aut
458 683 636 724 Ararim
655 682 840 724 Parthus
854 681 975 724 bibet
987 716 996 731 ,
1018 687 1092 724 aut
1110 684 1344 726 Germania
1361 686 1538 737 Tigrim,

348 755 490 804 Quam
511 756 663 795 nostro
681 751 796 794 illius
814 753 985 794 labatur
1003 758 1180 807 pectore
1197 756 1360 797 vultus.

874 832 1132 866 memnossus.

353 894 412 933 At
427 904 507 935 nos
527 893 631 936 hinc
651 893 721 935 alii
741 893 935 935 sitientes
959 894 1115 935 ibimus
1135 893 1264 936 Afros
1288 910 1298 934 :

353 965 460 1004 Pars
477 963 702 1014 Scythiam
717 964 760 1005 et
778 962 983 1017 rapidum
1002 965 1138 1005 Cretae
1157 964 1383 1007 veniemus
1403 967 1565 1008 Oaxem
1579 998 1590 1017 2

354 1035 409 1073 Et
427 1034 601 1088 penitus
625 1036 715 1076 toto
738 1034 900 1076 divisos
916 1035 1020 1078 orbe
1036 1035 1286 1077 Britannos.

357 1105 424 1143 En
442 1135 450 1149 ‚
467 1114 663 1156 unquam
675 1104 840 1157 patrios
854 1105 990 1156 longo
1010 1107 1110 1158 post
1123 1106 1323 1159 tempore
1344 1102 1473 1153 fineS‚

356 1173 569 1225 Pauperis
584 1175 627 1214 et
645 1172 791 1225 tuguri
806 1176 1068 1226 congestum
1087 1175 1249 1227 cespite
1269 1174 1446 1216 culmen
1460 1207 1470 1223 ‚

360 1241 467 1281 Post
482 1241 647 1293 aliquot
663 1273 671 1290 ‚
694 1253 792 1283 inea
809 1252 945 1294 regna
958 1242 1127 1294 videns,
1143 1242 1337 1284 mirabor
1351 1244 1500 1285 aristas
1510 1245 1529 1284 ‚⁹

360 1310 523 1363 Impius
540 1311 636 1352 haec
652 1313 741 1352 tam
758 1311 875 1354 culta
897 1312 1071 1354 novalia
1090 1313 1213 1354 miles
1227 1312 1405 1355 habebit
1417 1315 1436 1353 ?

363 1380 577 1420 Barbarus
591 1380 671 1422 has
690 1381 884 1433 segetes?
902 1382 991 1429 En,
1015 1392 1102 1433 quo
1118 1381 1334 1423 discordia
1353 1382 1486 1424 civeis

363 1450 578 1492 Produxit
593 1451 774 1493 miseros
792 1453 800 1491 i
818 1454 887 1491 En
905 1482 913 1499 ,
940 1451 1036 1503 quis
1053 1452 1331 1493 consevimus
1348 1463 1474 1505 agros
1490 1455 1499 1490 t

364 1522 512 1563 Insere
532 1532 652 1563 nunc
670 1553 680 1569 ,
705 1521 898 1563 Meliboee
917 1551 926 1567 ,
948 1522 1090 1574 piros;
1108 1533 1226 1575 pone
1246 1520 1400 1564 ordine
1418 1522 1546 1565 vites.

418 1595 481 1633 lte
501 1601 609 1633 meze
627 1623 635 1638 ‚
655 1590 753 1632 felix
772 1591 994 1644 quondam
1011 1593 1161 1645 pecus!
1184 1591 1243 1633 ite
1264 1591 1457 1645 capellae.

369 1661 471 1702 Non
489 1670 570 1712 ego
589 1671 667 1702 vos
682 1660 883 1713 posthac,
900 1660 1031 1702 viridi
1047 1662 1267 1714 projectus
1286 1661 1332 1701 in
1352 1662 1479 1703 antro
1498 1697 1506 1710 ,

368 1733 562 1772 Dumosa
579 1729 772 1784 pendere
788 1731 943 1784 procul
959 1730 1012 1773 de
1024 1743 1133 1785 rupe
1152 1731 1310 1773 videbo
1324 1747 1334 1779 ;

371 1802 572 1844 Carmina
587 1803 707 1850 nulla
722 1813 876 1844 canam
898 1817 907 1841 ε
925 1812 1032 1850 non,
1051 1813 1120 1844 me
1140 1803 1369 1856 pascente,
1388 1803 1564 1857 capellae
1578 1835 1589 1856 ‚

373 1873 623 1915 Florentem
637 1872 826 1925 cytisum
844 1874 887 1914 et
906 1871 1058 1913 salices
1075 1872 1261 1926 carpetis
1277 1883 1460 1915 amaras.

922 1951 1128 1985 Tirinus.

376 2015 459 2057 Hic
481 2017 625 2057 tamen
639 2015 754 2056 hanc
768 2024 941 2056 mecum
957 2015 1132 2067 poteras
1151 2015 1429 2069 requiescere
1443 2019 1620 2059 noctem

377 2084 553 2128 Fronde
571 2096 700 2140 super
715 2083 872 2141 viridi:
889 2085 992 2125 sunt
1008 2085 1136 2125 nobis
1149 2085 1272 2126 initia
1286 2096 1417 2140 poma
1434 2118 1442 2135 ‚

380 2155 600 2195 castaneae
616 2152 787 2200 molles,
809 2154 854 2194 et
868 2153 1003 2204 pressi
1019 2152 1143 2206 copia
1164 2153 1283 2195 lactis
1298 2169 1308 2203 3

381 2226 435 2264 Et
450 2225 542 2275 jam
564 2233 732 2265 summa
751 2222 908 2277 procul
927 2221 1134 2263 villarum
1153 2223 1344 2266 culmina
1357 2222 1543 2273 sumant,

380 2295 649 2347 Majoresque
666 2291 830 2335 cadunt
849 2291 946 2334 altis
960 2291 1014 2334 de
1033 2292 1253 2335 montibus
1273 2294 1455 2339 umbrae‚
