1917 2942
302 371 340 407 Η
351 366 375 407 O
793 370 1121 409 onor-micon
1533 374 1608 412 468

296 452 520 495 Continuo
540 452 716 508 culpam
739 453 854 496 ferro
874 465 1134 509 compesce,
1154 457 1272 509 prius
1294 468 1423 510 quam

298 523 406 563 Dira
423 533 504 576 per
518 524 748 564 incautum
764 526 944 577 serpant
961 525 1167 576 contagia
1185 526 1358 578 vulgus.

299 593 400 632 Non
421 595 510 632 tam
530 592 700 639 creber,
722 603 856 644 agens
872 592 1088 640 hiemem,
1111 594 1199 635 ruit
1214 606 1389 647 {equore
1412 595 1542 637 turbo
1560 625 1568 640 ‚

299 664 441 711 Quam
460 662 609 702 multae
631 661 855 715 pecudum
874 665 1035 715 pestes.
1053 666 1141 706 Nec
1160 665 1332 717 singula
1352 665 1492 706 morbi

300 735 496 784 Corpora
515 731 764 783 corripiunt
780 747 791 779 ς
812 731 890 772 sed
910 734 1001 773 tota
1019 733 1167 774 aestiva
1183 736 1388 786 repente,

300 802 520 853 Spemque
553 810 822 852 gregemque
860 801 1007 846 simul,
1041 804 1336 855 cunctamque
1370 804 1424 844 ab
1446 802 1614 855 origiue

302 874 413 910 'l‘um
429 870 564 917 sciat,
588 872 725 911 aerias
745 871 877 923 Alpes
896 872 941 912 et
960 872 1118 912 Norica
1134 872 1168 912 si
1185 873 1280 924 quis
1391 869 1403 927 [
1421 876 1611 925 gentem.

303 939 487 980 castella
506 938 553 979 in
573 940 753 980 tumulis
774 972 782 986 .
804 943 848 981 et
868 939 1047 993 Iapydis
1067 952 1169 983 arva
1188 941 1378 989 Timavi,

303 1011 432 1051 Nunc
452 1020 629 1062 quoque
647 1011 746 1062 post
765 1012 889 1051 *tanto
907 1010 1082 1056 videat,
1107 1011 1367 1064 desertaque
1388 1022 1524 1064 regua

303 1082 565 1127 Pastorum,
590 1081 633 1120 et
651 1079 783 1131 longe
801 1081 936 1122 saltus
955 1080 1128 1132 lateque
1146 1084 1367 1123 vacantes.

359 1149 443 1191 Hic
464 1148 691 1201 quondam
712 1151 872 1191 morbo
893 1150 992 1191 coeli
1013 1151 1262 1192 miseranda
1281 1153 1433 1193 coorta
1449 1154 1512 1193 est

303 1222 575 1273 Tempestas,
602 1222 782 1272 totoque
803 1220 1005 1260 autumni
1024 1219 1253 1261 incanduit
1272 1222 1405 1265 testu,

303 1291 361 1330 Et
381 1300 520 1342 genus
539 1300 669 1331 omne
688 1291 787 1332 neci
807 1288 1031 1343 pecudum
1048 1289 1196 1340 dedit,
1218 1300 1351 1331 omne
1370 1288 1561 1330 ferarum
1577 1303 1587 1333 ;

303 1359 595 1412 corrupitque
609 1360 751 1407 lacus3
775 1358 930 1400 infecit
947 1360 1110 1413 pabula
1129 1359 1246 1400 tabo.

306 1431 341 1469 N
350 1440 400 1471 ec
418 1430 489 1470 via
505 1429 660 1470 mortis
679 1433 774 1470 erat
791 1429 995 1482 simplex3
1017 1428 1095 1470 sed
1114 1429 1187 1470 ubi
1207 1430 1337 1481 ignea
1351 1430 1474 1471 venis

313 1498 526 1542 Omnibus
547 1498 643 1540 acta
659 1498 751 1539 sitis
769 1499 953 1540 miseros
974 1497 1215 1540 adduxerat
1236 1502 1355 1540 artus
1372 1530 1381 1547 ‚

306 1571 472 1610 Rursus
492 1567 745 1609 abundabat
759 1565 920 1609 fluidus
940 1569 1100 1619 liquor,
1120 1568 1358 1620 omniaque
1376 1567 1420 1607 in
1444 1580 1489 1608 se

308 1641 413 1678 Ossa
433 1637 687 1677 minutatim
704 1636 863 1677 morbo
883 1636 1076 1689 collapsa
1096 1635 1306 1676 trahebat.

304 1711 427 1759 Saepe
444 1706 490 1747 in
508 1706 680 1748 honore
699 1705 832 1748 desim
854 1706 1002 1749 medio
1021 1711 1140 1747 stans
1159 1706 1301 1747 hostia
1320 1709 1372 1747 ad
1393 1717 1512 1749 aram
1530 1740 1538 1754 ,

306 1779 452 1818 Lanea
471 1774 576 1817 dum
595 1777 726 1817 nivea
741 1775 1044 1818 circumdatur
1058 1777 1100 1816 in
1109 1775 1195 1817 fula
1212 1777 1344 1824 vitta,

306 1848 430 1888 Inter
447 1847 708 1888 cunctantes
727 1844 887 1888 cecidit
901 1843 1167 1886 moribunda
1188 1846 1426 1888 ministros.

306 1920 396 1957 Aut
413 1917 448 1957 si
468 1927 600 1969 quam
618 1915 735 1958 ferro
755 1919 1028 1958 mactaverat
1047 1919 1147 1958 ante
1165 1917 1368 1958 sacerdos
1388 1950 1396 1964 ,

305 1986 416 2030 Inde
433 1998 577 2040 neque
597 1986 812 2040 impositis
830 1986 992 2028 ardent
1008 1987 1160 2029 altaria
1180 1985 1321 2034 libris3

309 2056 345 2095 N
352 2066 401 2097 ec
420 2065 633 2107 responsa
652 2058 796 2108 potest
812 2054 1040 2097 consultus
1061 2055 1248 2097 reddere
1267 2060 1386 2098 vates
1404 2072 1413 2104 ;

308 2130 373 2168 Ac
390 2126 464 2168 vix
480 2126 699 2178 suppositi
722 2125 952 2177 tinguntur
973 2127 1187 2178 sanguine
1206 2126 1359 2171 cultri,

304 2198 571 2248 Summaque
588 2196 738 2246 jejima
756 2195 876 2236 sanie
896 2194 1143 2237 infuscatur
1162 2206 1310 2236 arena.

309 2264 424 2306 Hinc
439 2264 549 2305 laetis
567 2263 694 2304 vituli
711 2264 845 2317 vulgo
861 2265 1116 2305 moriuntur
1137 2264 1181 2304 in
1203 2263 1373 2312 herbis.

310 2336 364 2373 Et
382 2333 530 2375 dulces
548 2333 714 2374 animas
734 2334 865 2385 plena
884 2333 939 2375 ad
957 2335 1175 2389 praesepia
1193 2333 1403 2376 reddunt.

309 2404 424 2445 Hinc
444 2402 624 2445 canibus
643 2402 816 2445 blandis
837 2403 979 2445 rabies
996 2404 1119 2445 venit
1134 2435 1144 2453 ‚
1166 2408 1209 2446 et
1224 2404 1365 2457 quatit
1381 2414 1519 2456 aegros

307 2472 449 2515 Tussis
470 2472 626 2516 anhela
641 2484 739 2516 sues
754 2506 762 2522 ‚
783 2483 834 2516 ac
852 2471 1049 2516 saucibus
1066 2474 1187 2526 angit
1207 2473 1362 2516 obesis,
