1917 2942
236 349 303 386 1027
746 347 908 386 [ABER
939 348 1012 385 lx.
1456 351 1532 390 569

235 447 248 466 u
268 434 347 475 Me,
367 440 459 478 me;
479 428 647 476 adsum,
677 430 751 482 qui
771 429 853 472 feci
871 446 882 479 ;
899 430 946 471 in
966 440 1037 471 me
1059 431 1307 474 convertite
1322 431 1505 481 ferrum,

233 501 265 539 Ο
285 498 461 539 Rutuli!
483 510 580 542 mea
596 497 711 541 l'raus
732 501 900 547 omnis;
925 499 1035 540 nihil
1054 500 1134 542 iste
1153 511 1238 542 nec
1256 511 1397 548 ausus,

235 570 321 610 Nec
343 570 489 621 poluit
509 584 518 609 :
539 569 700 610 coelum
719 569 803 612 hoc
820 571 865 611 et
877 570 1053 612 conscia
1066 570 1209 612 sidera
1225 572 1374 613 testor.

233 639 417 678 Tantum
435 637 660 681 infelicem
679 640 867 680 nimium
885 639 1035 680 dilexit
1051 639 1256 682 amicum.
1277 656 1294 677 2»

280 707 399 747 Talia
418 707 536 748 dicta
554 707 709 753 dabat;
731 707 808 748 sed
828 707 993 748 viribus
1013 708 1126 748 ensis
1143 707 1321 749 adactus

231 775 470 818 Transabiit
485 783 625 818 costas
643 808 651 824 ,
683 782 727 818 et
740 776 927 819 candida
945 778 1122 830 pectora
1139 778 1321 830 rumpit.

233 846 431 888 volvitur
448 847 661 900 Euryalus
679 847 768 890 leto
785 877 795 893 ‚
821 846 1117 901 pulchrosque
1133 859 1212 901 per
1230 851 1350 889 artus

230 918 266 956 It
284 926 429 962 cruor,
449 917 584 970 inque
600 916 809 958 humeros
830 918 976 958 cervix
993 917 1185 972 collapsa
1203 918 1422 960 recumbit
1440 934 1449 957 ε

230 988 481 1038 Purpureus
500 987 635 1029 veluti
647 998 789 1046 guum
804 984 903 1033 llos,
926 987 1118 1028 succisus
1137 989 1284 1029 aratro
1298 1018 1309 1035 ,

231 1057 488 1107 Languescit
504 1057 696 1099 moriens
714 1074 722 1105 ;
747 1056 910 1099 lassove
931 1068 1148 1110 papavera
1162 1056 1278 1098 collo

232 1126 453 1168 Demisere
468 1128 623 1180 caput,
649 1125 798 1179 pluvia
818 1136 955 1178 quum
974 1125 1084 1167 forte
1104 1128 1359 1179 gravantur.

231 1196 287 1233 At
305 1193 430 1235 Nisus
446 1196 535 1235 ruit
549 1195 596 1235 in
611 1193 805 1239 medios,
824 1194 1053 1247 solumque
1067 1205 1147 1247 per
1166 1204 1321 1235 omnes

232 1262 509 1305 volscentem
526 1262 656 1316 petit;
675 1263 722 1303 in
738 1263 832 1304 solo
853 1264 1080 1304 Volscente
1094 1263 1307 1303 moratur.

230 1333 367 1381 Quem
387 1332 555 1374 circum
573 1332 808 1384 glomerati
825 1331 986 1377 hostes,
1008 1332 1111 1374 hinc
1134 1333 1380 1374 comminus
1399 1332 1531 1384 atque

230 1399 510 1442 proturbant,
529 1404 669 1443 Instat
682 1411 773 1442 non
792 1401 932 1443 secius
950 1432 960 1452 ,
982 1412 1032 1443 ac
1051 1402 1169 1442 rotat
1187 1412 1338 1442 ensem
1408 1399 1529 1451 [hinc

231 1469 530 1521 Fulmineum,
547 1470 691 1513 donec
712 1473 778 1510 Ru
787 1470 863 1511 tuli
882 1470 1109 1512 clamantis
1125 1469 1172 1510 in
1192 1480 1266 1512 ore

230 1538 437 1580 Condidit
456 1539 638 1582 adverso
658 1572 666 1589 ,
688 1544 734 1583 et
748 1541 942 1582 moriens
963 1542 1154 1582 animam
1174 1539 1354 1582 abstulit
1370 1538 1502 1581 hosti.

228 1612 335 1650 Tum
356 1621 486 1662 super
501 1611 746 1653 exanimem
765 1622 857 1653 sese
875 1611 1062 1664 projecit
1075 1610 1290 1657 amicum,

227 1677 460 1720 confossus
479 1711 488 1728 ‚
509 1679 768 1733 placidaque
787 1680 846 1720 ibi
864 1679 1043 1721 demum
1060 1681 1204 1720 morte
1224 1678 1405 1730 quievit.

276 1748 507 1789 Fortunati
522 1749 650 1790 ambo
668 1751 676 1789 ἔ
699 1751 733 1790 si
751 1748 856 1802 quid
870 1747 968 1789 mea
987 1748 1183 1789 carmina
1198 1749 1406 1800 possunt,

228 1815 355 1857 Nulla
375 1815 466 1859 dies
484 1827 681 1870 unquam
700 1818 886 1860 memori
907 1827 984 1858 vos
1001 1815 1160 1857 eximet
1174 1826 1291 1863 ξενος

228 1885 337 1924 Dum
354 1883 509 1926 domus
530 1889 677 1928 AEneae
693 1886 878 1939 Capitoli
892 1884 1119 1926 immobile
1134 1895 1286 1926 saxum

225 1952 430 2001 Adcolet‚
454 1955 777 2009 imperiumque
792 1960 916 2009 pater
934 1958 1159 1997 Romanus
1179 1953 1371 1996 habebit.

275 2023 471 2066 Victores
489 2023 639 2077 praeda
655 2025 801 2067 Rutuli
820 2024 1056 2079 spoliisque
1080 2024 1211 2078 potiti
1229 2054 1238 2070 ‚

224 2090 498 2135 Volscentem
518 2094 766 2135 exanimum
789 2092 941 2135 flentes
958 2093 1003 2133 in
1023 2094 1163 2135 castra
1182 2090 1394 2134 ferebant.

225 2163 313 2205 Nec
333 2163 480 2205 minor
502 2164 547 2204 in
565 2166 719 2206 castris
741 2167 902 2210 luctus,
925 2163 1173 2205 Rhamnete
1189 2164 1370 2217 reperto

223 2236 441 2287 Exsaugui
457 2267 465 2282 ‚
484 2238 528 2277 et
546 2233 700 2288 primis
717 2244 807 2275 una
827 2236 890 2274 tot
909 2232 1028 2275 crede
1047 2232 1288 2286 peremptis
1305 2262 1316 2283 ,

223 2304 492 2356 Serranoque
509 2305 751 2356 Numaque.
771 2304 934 2355 Ingens
950 2310 1192 2343 concursus
1211 2300 1265 2343 ad
1280 2302 1370 2354 ipsa

224 2375 417 2425 Corpora
432 2404 444 2422 ,
464 2373 790 2426 seminecesque
803 2372 946 2420 viros,
969 2370 1205 2425 tepidaque
1223 2374 1447 2414 recentem

224 2441 348 2485 Caetle
368 2442 513 2485 locum
532 2474 542 2495 ,
564 2445 607 2486 et
625 2443 780 2496 plenos
802 2442 1022 2496 spumanti
1041 2442 1255 2494 sanguine
1271 2442 1402 2483 rivos.
