1917 2942
346 340 366 375 «4
381 340 424 377 16
845 340 1106 379 AENEIDOS
1600 342 1648 379 140

344 427 398 466 Ut
419 424 550 471 vidit.
570 424 743 478 levique
763 429 912 478 patens
932 426 978 466 in
996 426 1176 477 pectore
1191 424 1350 466 vulnus

345 495 546 549 cuspidis
563 496 768 537 Ausoniae
788 527 798 547 ,
817 495 1026 547 lacrymis
1045 495 1105 536 ita
1119 492 1236 537 fatur
1250 494 1417 536 obortis
1441 507 1449 529 τ

350 581 365 600 ι
392 570 507 607 Tene
525 595 535 610 ,
555 565 698 618 inquit
716 596 725 611 ‚
743 563 990 605 miserande
1006 576 1133 617 puer,
1152 575 1288 616 quum
1305 564 1402 605 laeta
1421 564 1592 606 veniret
1611 595 1619 609 ,

342 632 506 675 Invidit
522 636 720 676 Fortuna
737 633 845 674 mihi
864 665 872 680 ,
894 644 950 674 ne
971 644 1107 685 regna
1128 632 1299 675 videres

341 704 499 745 Nostra
517 735 523 748 ,
546 714 688 756 neque
707 702 761 745 ad
780 703 903 745 sedes
921 704 1064 746 victor
1084 704 1293 745 veherere
1311 704 1551 756 paternas?

343 774 443 813 Non
460 773 554 814 haec
568 773 775 815 Evandro
794 773 847 814 de
866 776 909 815 te
929 775 1147 826 promissa
1168 775 1339 827 parenti

344 841 578 884 Discedens
598 842 830 889 dederam,
852 854 989 896 quum
1008 854 1078 885 me
1097 845 1349 897 complexus
1365 848 1569 888 cuntrm,

345 911 536 953 Mitteret
553 911 599 952 in
618 922 827 965 magnum
852 911 1087 963 imperium
1107 942 1115 957 ‚
1139 915 1429 965 metuensque
1449 914 1651 954 moneret

342 983 478 1021 Acres
495 991 586 1030 esse
609 980 747 1028 viros,
766 992 868 1022 cum
888 979 999 1022 dura
1022 981 1173 1033 praelia
1195 986 1337 1033 gente.

342 1050 396 1088 Et
415 1060 535 1092 nunc
557 1050 630 1092 ille
645 1049 824 1103 quidem
843 1061 920 1104 spe
938 1051 1127 1091 multum
1147 1053 1302 1103 captus
1320 1052 1444 1092 inani

343 1120 453 1158 Fors
469 1119 515 1158 et
529 1122 635 1159 vota
654 1115 761 1159 iacit
778 1149 786 1162 ‚
809 1118 1095 1169 cumulatque
1112 1119 1264 1159 altaria
1281 1117 1423 1159 donis.

340 1186 430 1227 Nos
444 1187 658 1237 jnvenem
677 1187 928 1228 exanimum
948 1217 956 1233 ‚
981 1190 1023 1229 et
1045 1188 1104 1228 nil
1119 1189 1209 1238 jam
1227 1189 1475 1230 coelestihus
1498 1187 1597 1229 ullis

341 1256 583 1297 llebentern
603 1287 612 1301 ‚
637 1266 753 1297 vano
775 1257 913 1297 maesti
934 1258 1199 1298 comitamur
1217 1256 1403 1299 honore.

342 1325 501 1366 Infelix
517 1356 527 1372 ,
553 1326 643 1366 nati
665 1326 794 1367 sunus
816 1325 997 1368 crudele
1018 1325 1208 1368 videbis!

341 1396 395 1436 Hi
418 1394 557 1436 nostri
581 1393 750 1436 reditus
783 1396 1106 1448 exspectati‹.1ue
1128 1395 1363 1450 triumphi!

343 1468 449 1506 Haec
466 1476 563 1508 mea
579 1476 737 1518 magna
758 1463 864 1507 fides
885 1467 895 1505 1
920 1468 978 1506 At
994 1477 1083 1507 nou
1102 1496 1110 1511 ,
1133 1466 1332 1507 Evandre
1350 1497 1360 1518 ,
1379 1464 1601 1517 pudendis

339 1535 608 1577 Vulneribus
626 1535 799 1587 pulsum
817 1534 1050 1588 adspicies3
1072 1546 1156 1576 nec
1172 1536 1333 1588 sospite
1350 1534 1498 1576 dirum

339 1604 521 1657 Optabis
540 1606 646 1645 nato
668 1602 797 1645 funus
813 1605 953 1656 pater.
977 1605 1060 1646 Hei
1078 1603 1183 1644 mihi
1199 1635 1209 1653 ‚
1229 1606 1442 1657 quantum

342 1673 610 1714 Prsesidium
632 1675 854 1722 Ausonia,
876 1680 920 1716 et
942 1677 1156 1727 quantum
1181 1676 1226 1715 tu
1247 1674 1415 1728 perdis,
1438 1675 1554 1716 Iiilc!
1583 1691 1597 1710 υ

396 1746 500 1785 Haec
518 1744 595 1785 ubi
616 1741 795 1785 deflevit
813 1774 822 1791 ‚
846 1744 940 1786 tolli
961 1744 1209 1786 miserabile
1229 1755 1392 1799 corpus

339 1816 557 1865 Imperat.
580 1818 622 1855 et
643 1819 735 1855 toto
754 1815 891 1856 lectos
912 1824 963 1855 ex
985 1814 1160 1866 agmine
1181 1815 1317 1855 mittit

341 1883 464 1925 Mille
482 1884 602 1925 viros
620 1915 628 1930 ,
649 1883 726 1936 qui
745 1894 999 1936 supremum
1023 1885 1295 1927 comitentur
1310 1884 1550 1929 honorem,

341 1953 500 1995 Intersi
510 1954 643 2006 utque
661 1953 796 2007 patris
810 1953 1037 2005 lacrymis;
1060 1953 1214 1995 solatia
1236 1953 1381 1995 luctus

339 2024 505 2075 Exigua
521 2023 714 2076 ingentis
731 2056 740 2069 ‚
763 2024 928 2064 misero
945 2022 1020 2065 sed
1044 2022 1190 2065 debita
1211 2024 1342 2077 patri.

343 2096 382 2133 H
388 2092 471 2134 aud
490 2102 642 2144 segnes
660 2092 730 2134 alii
751 2097 892 2134 crates
914 2095 957 2134 et
979 2093 1112 2134 molle
1127 2092 1338 2135 feretrum

343 2162 551 2203 Arbuteis
575 2165 728 2203 texunt
749 2161 881 2215 virgis
897 2166 939 2204 et
963 2162 1123 2204 vimine
1139 2172 1313 2214 querno
1332 2193 1341 2207 ,

347 2236 683 2287 Exstruetosque
701 2237 819 2275 toros
836 2234 1022 2275 obtentu
1040 2232 1206 2274 frondis
1228 2232 1496 2273 inumbrant,

345 2304 427 2347 Hic
443 2307 654 2356 juvenem
676 2304 832 2357 agresti
853 2303 1086 2346 sublimem
1108 2304 1321 2344 stramine
1339 2307 1513 2356 ponunt
1539 2318 1547 2337 ς

349 2376 532 2424 Qualem
552 2376 754 2429 virgineo
774 2376 1024 2419 demessum
1053 2363 1212 2430 pollice
1238 2374 1390 2415 florem
1409 2406 1416 2416 ,

346 2450 425 2488 Seu
450 2447 596 2488 mollis
623 2447 747 2489 violer.
769 2478 776 2493 ,
801 2458 874 2489 seu
896 2446 1146 2499 languentis
1163 2443 1418 2496 hyacinthi3
