1917 2942
377 329 461 369 462
902 332 1157 371 AENEIDOS
1603 335 1676 373 2152

375 414 639 461 Arboribus,
663 418 943 469 stragemque
961 416 1088 463 satis;
1111 418 1209 457 ruet
1227 417 1373 456 omnia
1393 415 1499 464 late;

376 488 492 526 Ante
509 486 687 535 volant,
708 487 994 540 sonitumque
1017 486 1164 529 ferunt
1182 485 1236 527 ad
1256 485 1388 527 litora
1409 487 1526 527 venti
1546 503 1554 525 ι

374 554 490 595 Talis
510 555 555 594 in
572 554 778 597 adversos
797 553 954 596 ductor
972 554 1198 597 Rhoeteius
1214 554 1359 597 hostes

375 627 548 675 Agmen
568 623 659 676 agit
677 640 685 662 :
705 622 829 664 densi
849 624 1001 665 cuneis
1018 635 1063 665 se
1078 624 1262 677 quisque
1280 624 1442 666 coactis

373 692 711 744 Adglomerant.
730 694 848 736 Ferit
869 705 971 736 ense
992 706 1168 747 gravem
1188 694 1476 746 Thymbraeus
1496 697 1671 743 Osirim.

376 760 634 804 Archetium
655 762 930 811 Mnestheus,
952 764 1202 815 Epulonem
1224 765 1456 808 obtruncat
1475 767 1684 814 Achates,

379 830 670 884 Ufentemque
690 835 803 883 Gyas
821 849 830 879 ;
853 832 972 875 cadit
991 835 1083 887 ipse
1104 835 1357 876 Tolumnius
1377 847 1532 889 augur,

377 902 551 943 Primus
569 901 614 942 in
635 902 844 944 adversos
865 904 1000 945 telum
1020 904 1094 957 qui
1118 906 1304 946 torserat
1323 905 1481 948 hostes.

378 971 565 1013 Tollitur
582 972 626 1012 in
644 972 805 1013 coelum
823 972 1007 1019 clamor,
1026 974 1229 1027 versique
1247 975 1442 1017 vicissim

378 1039 692 1082 Pulverulenta
712 1039 812 1093 suga
833 1042 986 1082 Rutuli
1002 1041 1107 1083 dant
1125 1045 1246 1095 terga
1260 1054 1338 1097 per
1356 1055 1497 1097 agros.

376 1111 476 1162 Ipse
497 1120 641 1161 neque
660 1121 835 1153 aversos
855 1110 1063 1163 dignatur
1077 1114 1273 1155 sternere
1288 1115 1447 1162 morti;

378 1179 472 1220 Nec
488 1180 599 1231 pede
613 1190 872 1231 congressos
888 1192 1030 1233 aequo,
1048 1192 1131 1224 nec
1145 1182 1229 1224 tela
1244 1182 1435 1225 ferentes

378 1249 653 1301 Insequitur;
678 1250 821 1291 solum
845 1249 981 1292 densa
1001 1251 1048 1291 in
1067 1251 1254 1304 caligine
1274 1256 1472 1294 Turnum

380 1320 577 1371 vestigat
594 1323 782 1361 lustrans
801 1351 810 1367 ,
832 1320 978 1363 solum
997 1322 1045 1361 in
1070 1324 1310 1364 certamina
1330 1324 1485 1376 poscit.

369 1419 371 1421 v
434 1391 531 1430 Hoc
546 1398 756 1430 concussa
776 1393 895 1431 metu
918 1393 1114 1431 mentem
1134 1393 1322 1435 Juturna
1341 1390 1494 1444 virago

383 1457 594 1509 Aurigam
615 1458 754 1498 Turni
775 1458 919 1501 inedia
935 1460 1052 1501 inter
1070 1460 1161 1501 lora
1182 1461 1407 1503 Metiscum

381 1529 579 1576 Excutit,
598 1530 641 1570 et
656 1528 788 1581 longe
803 1529 978 1582 lapsum
999 1533 1175 1572 temone
1189 1531 1399 1584 relinquit
1414 1548 1424 1580 ς

382 1598 481 1649 Ipsa
501 1597 647 1648 subit,
667 1597 954 1652 manibusque
974 1599 1124 1641 undan
1134 1604 1194 1643 tes
1220 1600 1562 1644 (lectithabenas
1580 1634 1589 1648 ,

385 1669 556 1709 Cuncta
574 1679 729 1720 gerens
748 1700 757 1719 ,
777 1680 1025 1721 vocemque
1046 1673 1089 1712 et
1107 1681 1266 1723 corpus
1284 1674 1327 1713 et
1346 1683 1465 1713 arma
1486 1673 1664 1715 Metisci.

381 1739 519 1790 Nigra
533 1741 654 1780 velut
670 1750 849 1792 magnas
865 1739 1034 1781 domini
1050 1752 1186 1792 quum
1209 1741 1358 1783 divitis
1376 1742 1489 1785 aedes
1520 1747 1527 1751 ’

381 1809 608 1858 Pervolat,
628 1813 672 1852 et
692 1810 849 1862 pennis
870 1810 956 1850 alta
979 1809 1089 1851 atria
1108 1810 1267 1851 lustrat
1284 1809 1495 1859 hirundo,

382 1879 549 1919 Pabula
570 1890 703 1932 parva
727 1880 901 1932 legens,
922 1879 1127 1931 nidisque
1146 1880 1402 1931 loquacibus
1420 1891 1564 1927 escas;

385 1951 441 1989 Et
460 1958 580 1990 nunc
602 1948 839 2000 porticibus
857 1949 1030 1995 vacuis,
1051 1960 1172 1990 nunc
1192 1949 1374 1991 humida
1394 1950 1562 1992 circum

383 2020 543 2070 Stagna
563 2020 692 2059 sonat
708 2035 717 2058 ε
734 2019 887 2060 similis
901 2019 1071 2061 medios
1086 2021 1274 2060 Juturna
1292 2030 1367 2071 per
1383 2018 1529 2061 hostes

382 2091 544 2132 Fertur
560 2090 682 2143 equis
694 2120 705 2137 ,
727 2089 973 2144 rapidoque
996 2090 1145 2131 volans
1163 2089 1254 2131 obit
1273 2089 1421 2131 omnia
1436 2094 1592 2138 cut-rm

386 2161 573 2213 Jamque
594 2159 665 2201 hic
686 2171 958 2211 germanum,
974 2161 1152 2212 jamque
1175 2160 1244 2202 hic
1265 2161 1457 2202 ostentat
1475 2163 1691 2202 ovantem

389 2230 482 2271 Nec
497 2228 701 2271 conferre
723 2241 906 2271 manum
925 2230 1116 2283 patitur3
1138 2230 1261 2272 volat
1280 2230 1378 2272 avia
1395 2230 1542 2282 longe.

387 2297 518 2339 Haud
535 2298 678 2340 minus
696 2302 849 2341 AEneas
869 2302 1004 2341 tortos
1019 2299 1122 2351 legit
1139 2299 1292 2340 obvius
1311 2297 1438 2341 orbes
1454 2329 1462 2343 ,

387 2369 672 2422 vestigatque
687 2369 855 2417 virum,
875 2375 918 2411 et
935 2369 1117 2421 disjecta
1132 2381 1211 2422 per
1225 2369 1398 2421 agmina
1414 2379 1572 2421 magna

393 2442 512 2481 Voce
528 2442 675 2483 vocat.
692 2440 874 2490 Quoties
892 2441 1044 2483 oculos
1060 2439 1253 2493 conjecit
1268 2440 1313 2481 in
1328 2439 1502 2483 hostem
1521 2469 1531 2486 ,
