1917 2942
211 338 288 378 726
742 338 904 377 [ABER
935 339 991 376 X
1436 339 1514 379 &07

212 423 378 465 Gaudet
396 423 520 466 hians
538 423 753 469 immane,
780 434 1016 476 comasque
1033 421 1220 469 adrexit,
1250 428 1294 466 et
1313 424 1450 466 haerci

214 492 456 533 Visceribus
477 503 610 544 super
632 490 916 536 incumbeiis;
940 492 1045 532 lavit
1063 490 1258 544 improba
1278 496 1387 535 ieter

214 563 297 601 Ora
318 571 450 602 cruor
472 577 482 600 z

215 631 281 671 Sic
295 631 384 671 ruit
400 631 444 670 in
466 630 623 672 densos
640 631 788 671 alacer
816 630 1055 673 Mezentius
1070 628 1230 672 hostes.

215 700 431 742 Sternitur
453 697 602 741 infelix
619 703 770 742 Acron
790 730 799 747 ,
820 706 861 742 et
881 699 1070 741 calcibus
1094 704 1232 741 atram

214 769 374 810 Tundit
393 769 577 810 humum
591 770 835 822 exspirans,
858 768 1136 822 infractaque
1151 770 1235 811 tela
1257 773 1476 811 cruentat.

217 843 356 892 Atque
371 837 491 879 idem
514 837 755 890 fugientem
772 837 891 880 haud
906 841 970 879 est
985 838 1188 890 dignatus
1210 839 1390 882 Oroden

216 911 439 958 Sterisiere,
462 918 544 949 nec
560 910 678 958 jacta
697 918 862 949 caecum
878 907 981 949 dare
999 907 1182 960 cuspide
1201 910 1363 950 vulnus
1381 926 1390 948 ι

220 977 386 1019 Obvius
407 977 678 1028 adversoque
699 976 918 1023 occurrit,
949 986 1083 1029 seque
1105 976 1201 1016 viro
1222 976 1286 1017 vir

221 1047 446 1100 Contulit,
479 1045 595 1087 haud
615 1046 730 1087 furto
747 1046 919 1091 melior,
947 1045 1023 1086 sed
1045 1044 1231 1087 fortibus
1249 1047 1394 1087 armis.

220 1120 326 1158 Tum
341 1128 472 1169 super
489 1115 706 1166 abjectum
723 1116 865 1169 posito
885 1114 995 1168 pede
1009 1115 1136 1156 nixus
1153 1120 1196 1158 et
1215 1117 1339 1158 hasta
1356 1133 1366 1156 ε

226 1202 241 1223 a
259 1189 364 1227 Pars
376 1186 479 1227 belli
497 1185 616 1226 haud
634 1185 867 1227 temnenda
888 1217 896 1233 ,
918 1185 1024 1233 viri,
1043 1187 1158 1234 iacet
1176 1187 1286 1227 altus
1302 1188 1482 1228 Orodes.
1509 1203 1525 1223 v

223 1256 512 1298 Conclamant
527 1256 634 1297 socii
652 1256 804 1297 laetum
821 1266 976 1310 paeana
990 1256 1144 1298 secuti.

222 1326 295 1368 Ille
311 1328 458 1368 autem
477 1328 698 1380 exspirans
718 1342 730 1366 ι
747 1342 763 1363 «
779 1329 875 1368 Non
891 1337 961 1367 me
977 1358 986 1372 ‚
1006 1325 1262 1379 quicunque
1277 1338 1335 1372 es,
1356 1326 1512 1372 inulto,

225 1395 382 1440 Victor,
401 1407 485 1437 nec
503 1396 688 1446 longum
709 1395 915 1437 laetabere
935 1411 945 1442 ;
967 1398 1007 1437 te
1026 1405 1198 1448 quoque
1220 1394 1306 1436 fata

225 1467 511 1518 prospectant
527 1466 648 1519 paria
667 1497 675 1512 ‚
695 1468 824 1517 atque
842 1464 997 1507 eadem
1024 1474 1125 1505 mox
1142 1475 1247 1506 arva
1264 1465 1447 1507 tenebis.
1469 1479 1485 1500 n

228 1534 293 1575 Ad
310 1545 441 1586 quem
459 1534 689 1576 subridens
713 1536 847 1576 mixta
866 1536 1104 1577 Mezentius
1123 1536 1214 1576 ira:

232 1622 247 1644 (ι
265 1610 388 1648 Nunc
402 1618 593 1649 morere.
609 1609 687 1649 Ast
700 1606 752 1648 de
768 1619 839 1648 me
852 1607 1000 1648 clivum
1019 1606 1143 1660 pater
1155 1608 1284 1658 atque
1300 1605 1326 1646 h
1334 1606 1532 1647 ominum

230 1676 402 1717 Viderit.
428 1693 443 1714 n
467 1679 563 1717 Hoc
586 1675 736 1718 dicens
753 1676 1102 1729 eduxit-corpore
1121 1675 1269 1717 telum.
1440 1677 1532 1726 [rex

230 1745 314 1785 Olli
335 1746 446 1786 dura
462 1745 584 1797 quies
600 1746 752 1787 oculos
770 1748 813 1786 et
834 1745 998 1788 ferreus
1014 1749 1141 1802 urget

229 1817 439 1862 Somnus3
466 1815 510 1855 in
534 1817 743 1856 zeter-nam
770 1813 1036 1856 clauduntur
1059 1813 1227 1855 lumina
1252 1817 1442 1854 noctem.

231 1884 421 1926 Caedeus
439 1884 703 1926 Alcathoum
724 1884 956 1927 obtruncat
975 1918 982 1933 ,
1014 1887 1217 1925 Sacrator
1246 1883 1481 1935 Hydaspen
1500 1916 1510 1929 ,

233 1955 602 2007 Partheniumque
621 1957 757 2006 Rapo,
775 1953 1081 2006 etpraedurum
1106 1951 1273 1996 viribus
1290 1957 1428 1996 Orsen
1451 1970 1459 2000 ;

234 2028 450 2077 Messapus
467 2025 760 2077 Cloniumque
780 2057 789 2076 ,
822 2026 1179 2077 Lycaoniumque
1199 2024 1399 2066 Ericeten
1420 2042 1429 2070 ;

232 2095 357 2136 Illum
374 2093 556 2137 infrenis
572 2096 672 2148 equi
692 2095 817 2148 lapsu
834 2096 991 2137 tellure
1004 2096 1226 2146 jacentem
1243 2125 1251 2138 ,

235 2167 362 2205 Hunc
380 2164 569 2217 peditem
590 2163 735 2216 pedes.
766 2166 819 2204 Et
841 2164 997 2214 Lycius
1020 2166 1297 2216 processerat
1315 2164 1416 2213 Agis
1437 2178 1447 2201 z

234 2237 371 2284 Quem
391 2238 538 2277 tamen
558 2234 673 2276 haud
691 2245 843 2287 expers
863 2232 1043 2275 Valerus
1061 2232 1237 2274 virtutis
1257 2234 1384 2273 avitae

238 2304 415 2356 Dejicit.;
444 2309 486 2346 at
507 2304 746 2346 'flu-onium
768 2303 905 2345 Salius
924 2335 933 2354 ,
955 2304 1208 2355 Saliumque
1229 2303 1435 2348 Nealces,

238 2373 584 2425 Insignisjaculo
601 2404 610 2420 ‚
630 2376 674 2416 et
690 2374 820 2425 longe
842 2372 1020 2415 fallente
1038 2371 1211 2424 sagitta.

291 2445 387 2484 ,lam
405 2443 548 2495 gravis
569 2442 767 2497 aequabat
792 2444 931 2487 luctus
953 2446 995 2485 et
1015 2446 1169 2485 mutua
1190 2446 1362 2485 Mavors
