1917 2942
260 370 336 408 495
764 366 930 406 LIBER
969 368 1042 406 IV.
1496 368 1565 406 {31

257 457 360 506 Quis
383 456 531 496 tantus
552 453 709 495 furor?
732 456 800 494 En
818 454 976 494 iterum
998 451 1195 495 crudelia
1213 455 1332 495 retro

258 529 362 569 Fata
380 528 568 571 vocant,
593 523 834 576 conditque
852 523 1053 564 natantia
1072 522 1242 565 lumina
1255 533 1449 565 somnus.

257 599 444 649 Jamque
458 596 554 637 vale
571 596 580 634 1
601 596 739 636 Feror
757 593 929 645 ingenti
950 592 1221 635 circumdata
1236 594 1389 639 nocte,

257 665 562 716 Invalidasque
583 663 659 704 tibi
676 661 866 705 tendens
884 695 892 708 ,
909 661 996 704 heu
1014 665 1024 702 1
1047 673 1139 715 non
1154 664 1251 712 tua,
1272 662 1480 716 palmas.»

313 748 331 771 a
347 733 475 785 Dixit,
493 736 537 775 et
556 745 609 775 ex
627 733 763 775 oeulis
781 732 942 779 subito,
965 743 1045 774 ceu
1064 730 1206 773 [umus
1220 733 1267 772 in
1287 741 1414 772 auras

258 805 527 846 commixtus
549 804 700 845 tennes
717 834 725 849 ‚
756 802 868 854 fugit
883 800 1079 850 diversa;
1099 812 1245 853 neque
1263 801 1410 846 illum,

258 876 547 916 Prensaniem
566 871 868 924 nequidquam
885 870 1085 919 umbras,
1105 874 1150 912 et
1162 870 1302 911 multa
1320 871 1545 912 volentem

258 945 412 985 Dicere
430 973 440 994 ‚
460 944 675 995 praeterea
693 941 806 983 vidit
821 956 831 989 ;
848 951 931 982 nec
951 942 1141 994 portitor
1156 940 1260 981 Orci

260 1012 458 1066 Amplius
480 1011 700 1061 objectam
721 1021 871 1063 passus
889 1011 1075 1052 transire
1091 1009 1311 1063 paludem.

262 1080 373 1130 Quid
392 1080 584 1123 faceret?
607 1091 693 1133 quo
712 1091 757 1122 se
771 1082 897 1131 rapta
916 1079 982 1121 bis
1000 1082 1190 1132 conjuge
1211 1077 1375 1121 ferret?

259 1153 358 1200 Quo
376 1149 480 1193 fletu
500 1153 669 1196 Manes,
695 1159 783 1201 qna
800 1149 984 1189 numina
1000 1159 1110 1190 voce
1130 1149 1364 1189 moveret?

261 1220 341 1261 Illa
361 1219 542 1273 quidem
561 1219 709 1271 Stygia
727 1217 861 1259 nabat
876 1219 969 1268 jam
984 1216 1144 1270 frigida
1158 1218 1333 1269 cymba.

315 1302 332 1325 <r
353 1290 531 1341 Septem
553 1287 678 1329 illum
702 1289 815 1328 totos
832 1286 1066 1340 perhibent
1081 1298 1132 1329 ex
1150 1285 1307 1329 ordine
1327 1298 1498 1329 menses

261 1361 386 1412 Rupe
407 1358 485 1399 sub
506 1360 621 1400 aeria
639 1357 801 1399 deserti
821 1354 876 1397 ad
895 1357 1143 1410 Strymonis
1160 1354 1325 1397 undam

258 1429 473 1474 Flevisse,
496 1430 538 1469 et
557 1427 711 1480 gelidis
731 1427 826 1468 haec
847 1425 1065 1468 evolvisse
1084 1426 1163 1468 sub
1183 1427 1320 1468 antris
1338 1458 1346 1473 ‚

259 1499 523 1540 Mulcentem
540 1497 677 1549 tigres
693 1527 703 1547 ‚
724 1499 769 1539 et
789 1497 990 1549 agentem
1009 1496 1204 1538 carmine
1223 1507 1425 1548 quercus.

260 1569 407 1618 Qualis
426 1567 614 1620 populea
633 1578 824 1609 moerens
842 1567 1085 1608 Philomela
1104 1566 1185 1608 sub
1208 1566 1362 1608 umbra

262 1636 455 1677 Amissos
472 1635 673 1687 queritur
689 1633 802 1677 fetus
819 1665 828 1681 ,
855 1646 965 1687 quos
986 1634 1120 1677 durus
1141 1637 1286 1676 arator

263 1706 515 1747 observans
535 1705 642 1746 nido
661 1706 896 1757 implumes
916 1703 1104 1746 detraxit
1125 1721 1134 1744 :
1157 1707 1201 1744 at
1220 1703 1294 1747 illa

260 1775 355 1816 Flet
369 1774 571 1821 noctem,
592 1785 808 1828 ramoque
828 1773 984 1817 sedens
1003 1773 1252 1816 miserabile
1274 1785 1452 1817 carmen

260 1847 457 1898 Integrat
474 1875 485 1894 ,
503 1846 547 1886 et
566 1847 732 1887 moestis
748 1847 834 1887 late
850 1846 945 1887 loca
966 1846 1188 1897 questibus
1204 1845 1376 1899 implet.

260 1915 387 1957 Nulla
408 1919 577 1963 Venus,
599 1927 692 1957 non
712 1915 790 1957 ulli
807 1915 1002 1957 animum
1028 1913 1186 1956 flexere
1204 1913 1446 1965 hymenaei.

261 1986 386 2026 Solus
405 1987 714 2040 Hyperboreas
735 1985 918 2036 glacies,
937 1984 1207 2036 Tanaimque
1226 1983 1417 2035 nivalem
1439 2017 1447 2028 .

264 2059 467 2107 Arvaque
487 2054 681 2109 Rhipaeis
703 2065 933 2105 nunquam
953 2052 1130 2095 viduata
1150 2053 1321 2107 pruinis

262 2123 493 2165 Lustrabat
512 2154 520 2169 ‚
543 2125 714 2176 raptam
729 2122 981 2174 Eurydicen
1002 2126 1131 2176 alque
1145 2123 1272 2164 irrita
1291 2125 1403 2166 Ditis

264 2196 391 2235 Dona
409 2204 595 2245 querens
622 2209 631 2233 :
651 2195 809 2247 spretae
830 2193 1044 2234 Ciconum
1066 2204 1155 2245 quo
1180 2204 1366 2237 munere
1386 2199 1547 2237 matres
1565 2226 1573 2238 .

265 2265 388 2305 Inter
410 2274 531 2304 sacra
549 2261 680 2305 desim
700 2296 710 2312 ‚
733 2264 1032 2316 nocturnique
1049 2264 1174 2317 orgia
1193 2264 1377 2310 Bacchi,

265 2332 543 2385 Discerptum
560 2333 670 2375 latos
685 2335 894 2385 J'uvenem
910 2345 1107 2388 sparsere
1126 2344 1206 2388 per
1223 2344 1363 2386 agros

265 2404 376 2441 ‘rum
397 2412 594 2454 quoque,
617 2411 865 2442 marmorea
884 2404 1018 2453 caput
1037 2412 1060 2442 a
1080 2401 1252 2443 cervice
1270 2402 1497 2443 revulsum

267 2468 450 2520 Gurgite
469 2480 607 2521 quum
627 2469 776 2512 medio
794 2470 976 2522 portans
996 2469 1197 2522 OEagrius
1222 2468 1392 2511 Hebrus
