1917 2942
375 314 448 352 ¹126
902 312 1154 350 AENEIDOS
1596 316 1673 354 5⁴40

360 398 589 442 seditione
612 401 768 452 potens
786 413 796 445 ;
816 408 955 450 genus
976 396 1082 439 huic
1107 400 1307 440 materna
1324 399 1566 452 superbum

364 467 585 510 Nobilitas
602 467 758 516 dabat,
779 468 1003 509 incertum
1025 466 1079 508 de
1096 471 1220 519 patre
1241 466 1465 515 ferebant;

359 538 524 590 Surgit,
543 540 588 580 ei:
604 536 847 587 his'ffonerat
864 536 994 578 dictis
1010 539 1141 588 atque
1159 539 1338 590 aggerat
1355 538 1440 579 iras
1464 551 1473 575 z

415 621 432 644 α
454 610 564 650 Rem
583 606 699 648 nulli
719 606 973 651 obscuram,
1005 610 1167 647 nostrae
1189 617 1270 648 nec
1289 608 1412 648 vocis
1432 614 1634 660 egentem
1653 641 1663 659 2

361 676 589 725 Consulis,
609 687 636 717 o
651 677 768 718 bone
783 687 873 731 rex.
892 675 1047 717 Cuncti
1066 687 1110 719 se
1127 674 1240 718 scire
1256 675 1464 723 fatentur,

361 747 478 800 Quid
494 746 675 788 fortuna
696 745 805 788 serat
824 745 976 799 populi
992 762 1002 793 ;
1021 746 1095 788 sed
1117 745 1264 788 dicere
1284 751 1499 788 mussant.

362 821 446 860 Det
463 817 711 860 libertatem
735 814 877 860 sandi,
900 813 1115 867 flatusque
1134 815 1353 861 remittat,

359 889 490 940 Cujus
506 889 561 929 ob
578 886 820 939 auspicium
839 884 1073 926 infaustum
1096 895 1329 938 moresque
1348 885 1547 928 sinistros

356 959 373 1011 (
380 957 531 1000 Dicam
545 955 765 1008 equidem,
783 954 883 995 iicet
898 963 1018 993 arma
1033 951 1139 993 mihi
1156 957 1435 1005 mortemque
1452 956 1663 1003 minetur)

359 1028 544 1070 Lumina
560 1028 624 1068 tot
639 1023 851 1067 cecidisse
864 1023 1052 1066 dueum.
1076 1023 1304 1075 totamque
1324 1022 1521 1065 videmus

357 1098 618 1141 consedisse
639 1095 794 1137 urbem
815 1094 934 1135 luctu
955 1109 963 1132 :
983 1091 1089 1133 dum
1102 1095 1227 1133 Troia
1250 1095 1390 1134 tentat

354 1174 508 1213 Castra
523 1199 532 1216 ‚
557 1167 667 1220 fugae
689 1165 848 1208 fidens,
872 1167 916 1207 et
934 1164 1096 1207 coelum
1116 1164 1288 1205 territat
1303 1165 1449 1205 armis.

354 1243 503 1282 Unum
523 1240 655 1280 eiiam
673 1235 800 1278 donis
820 1236 913 1277 istis
930 1266 939 1280 ‚
959 1244 1056 1287 quae
1076 1233 1262 1287 plurima
1285 1233 1398 1274 mitti

355 1308 616 1351 Dardanidis
633 1307 807 1359 dicique
819 1302 966 1356 jubes,
992 1314 1154 1349 unum,
1177 1302 1348 1356 optime
1363 1313 1515 1355 regum
1531 1332 1542 1349 ,

354 1380 569 1433 Adjicias;
587 1388 670 1420 nec
688 1379 728 1418 te
746 1375 879 1416 ullius
898 1373 1113 1415 violentia
1128 1373 1299 1418 vincat,

352 1451 470 1502 Quin
488 1453 637 1490 natam
658 1446 831 1499 egregio
851 1454 1017 1497 genero
1038 1443 1271 1496 dignisque
1287 1443 1530 1495 hymenaeis

352 1525 440 1562 Des
457 1552 466 1568 ,
489 1521 630 1574 pater,
649 1519 693 1560 et
709 1526 861 1569 pacem
878 1514 994 1556 hanc
1010 1517 1175 1556 aetemo
1198 1512 1358 1555 foedere
1379 1511 1541 1555 firmes.

352 1591 481 1643 Quod
502 1590 537 1631 si
555 1590 706 1630 tantus
721 1586 853 1627 habet
869 1588 1040 1626 mentes
1059 1587 1103 1625 et
1123 1585 1301 1636 pectora
1321 1585 1463 1625 terror
1476 1613 1486 1629 ‚

349 1666 498 1715 Ipsum
518 1659 814 1705 obtestemur,
833 1654 1098 1706 ven-iamque
1118 1664 1295 1696 oremus
1317 1654 1370 1695 ab
1390 1654 1510 1707 ipso:

350 1730 487 1772 Cedat
499 1760 511 1781 ,
523 1729 594 1780 jus
609 1726 840 1781 proprium
855 1724 947 1776 regi
967 1723 1212 1777 patriaeque
1233 1723 1444 1766 remittat.

348 1800 464 1854 Quid
481 1801 662 1842 miseros
681 1797 810 1839 toties
827 1796 872 1837 in
892 1797 1042 1848 aperta
1062 1793 1257 1846 pericula
1275 1793 1394 1836 cives

343 1872 528 1923 Projieis
541 1901 551 1919 ‚
572 1880 599 1911 o
619 1868 743 1910 Latio
762 1869 897 1919 caput
913 1866 1072 1906 horum
1090 1866 1133 1905 et
1153 1874 1280 1905 causa
1302 1865 1517 1906 malorum
1533 1865 1553 1904 ?

343 1941 469 1984 Nulla
489 1939 602 1982 salus
622 1938 767 1980 bello:
788 1945 942 1990 pacem
960 1937 1004 1976 te
1021 1933 1243 1987 poscimus
1262 1943 1443 1979 omnes.

342 2015 491 2053 Turne
506 2026 517 2058 ς
539 2009 669 2050 simul
684 2007 805 2062 pacis
822 2005 965 2047 solum
983 2002 1237 2045 inviolabile
1254 2001 1431 2057 pignus.

340 2082 519 2124 Primus
539 2090 643 2132 ego.
667 2077 857 2119 invisum
874 2084 1004 2127 quem
1025 2075 1069 2114 tu
1092 2072 1168 2115 tibi
1187 2069 1317 2124 fingis
1334 2103 1343 2119 ,
1360 2074 1404 2114 et
1419 2083 1514 2114 esse

336 2152 412 2194 Nil
428 2161 592 2201 moror,
616 2160 697 2200 en,
718 2146 906 2201 supplex
917 2144 1072 2187 venio.
1094 2142 1301 2184 Miserere
1324 2145 1525 2189 tuorum.

337 2228 461 2267 Pone
476 2222 667 2267 animos,
692 2220 736 2261 et
749 2217 901 2272 pulsus
918 2215 1002 2257 abi.
1020 2215 1094 2256 Sat
1114 2213 1274 2255 funera
1293 2210 1375 2254 fusi

335 2293 531 2336 Vidimus
549 2324 558 2340 ,
581 2293 784 2344 ingentes
800 2290 845 2331 et
859 2284 1154 2329 desolavimus
1170 2293 1317 2336 agi-os.

336 2367 448 2417 Aut,
470 2364 506 2406 si
523 2363 634 2405 rama
655 2361 830 2408 movet,
853 2357 891 2400 si
912 2359 1083 2399 tantum
1104 2360 1286 2409 pectore
1305 2351 1443 2395 robur

334 2434 541 2488 concipis
559 2467 568 2482 ,
586 2434 631 2476 et
649 2432 682 2473 si
699 2430 809 2474 adeo
825 2427 982 2471 dotalis
1003 2425 1126 2480 regia
1149 2424 1275 2467 cordi
1296 2425 1385 2471 est:
