1917 2942
399 310 477 348 ΜΟ
922 313 1178 353 AENEIDOS
1627 317 1697 354 760

398 393 604 436 Velocem
613 393 761 445 jaculo
778 395 822 436 et
840 395 979 436 multa
994 395 1119 447 prior
1138 398 1231 438 arte
1249 386 1476 438 Camillam

398 463 589 514 Circuit,
610 467 675 511 et,
699 475 796 517 quae
811 465 865 505 sit
883 462 1061 505 fortuna
1081 463 1310 513 facillima,
1332 468 1488 506 tentat.

397 536 494 584 Qua
514 546 559 577 se
577 545 754 587 cunque
772 535 919 576 furens
934 533 1081 575 medio
1100 534 1201 574 tulit
1217 536 1390 586 agmine
1408 536 1557 586 virgo,

397 605 493 645 Hac
507 607 672 645 Arruns
692 603 821 647 subit,
845 605 889 644 et
909 604 1064 645 tacitus
1082 603 1266 656 vestigia
1286 603 1465 645 lustrat:

400 675 495 721 Qua
517 674 671 715 victrix
690 673 804 715 redit
827 673 924 720 illa,
945 672 1195 726 pedemque
1215 684 1265 715 ex
1283 673 1407 716 hoste
1429 676 1647 728 reportat,

398 745 493 785 Hac
505 744 679 795 juvenis
696 742 849 784 furtim
865 744 1030 786 celeres
1044 743 1280 796 detorquet
1300 743 1505 787 habenas.

399 815 493 854 Hos
513 812 669 858 aditus,
687 814 867 865 jamque
881 813 961 854 hos
983 812 1147 857 aditus,
1169 823 1435 866 omnemque
1454 817 1651 866 pererrat

396 882 601 936 Undique
617 883 864 929 circuitum3
882 886 927 925 et
941 886 1107 925 certam
1121 883 1262 936 quatit
1273 883 1501 936 improbus
1517 882 1693 925 hastam.

396 957 529 996 Forte
545 965 667 997 sacer
681 955 853 1007 Cybelae
873 956 1106 1000 Chloreus,
1129 956 1322 1009 olimque
1338 954 1566 1003 sacerdos,

395 1025 585 1077 Insignis
605 1024 734 1077 longe
752 1024 952 1078 Phrygiis
968 1023 1159 1077 fulgebat
1173 1024 1218 1065 in
1239 1025 1386 1073 armis,

395 1098 775 1150 Spumantemque
795 1095 988 1148 agitabat
1006 1106 1169 1149 equum
1188 1112 1197 1135 :
1215 1106 1345 1149 quem
1365 1095 1489 1148 pellis
1506 1095 1624 1136 ae'nis

396 1166 449 1205 In
470 1165 666 1218 plumam
688 1165 901 1219 squamis,
927 1177 1037 1208 auro
1056 1169 1258 1209 conserta
1282 1165 1467 1218 tegebat.

395 1236 494 1286 Ipse
509 1265 519 1282 ‚
541 1236 772 1288 peregrina
792 1234 1014 1288 ferrugine
1035 1237 1179 1277 clarus
1200 1239 1243 1276 et
1262 1239 1409 1285 ostro,

393 1305 573 1359 Spicula
592 1305 824 1359 torquebat
840 1306 973 1357 Lycio
991 1307 1205 1357 Gortynia
1224 1316 1361 1348 cornu
1379 1321 1388 1352 ;

397 1379 571 1417 Aureus
593 1386 648 1417 ex
671 1374 865 1417 humeris
884 1378 1013 1417 sona-t
1026 1385 1152 1416 arcus
1169 1406 1177 1420 ‚
1204 1378 1249 1418 et
1266 1386 1398 1417 aurea
1415 1376 1503 1417 vati

395 1443 597 1490 Cassida;
629 1446 723 1485 tum
756 1454 961 1487 croceam
987 1443 1351 1496 chlamydemque
1377 1445 1585 1497 sinusque
1613 1453 1695 1485 cre-

396 1514 631 1556 Carbaseos
649 1512 770 1555 fulvo
789 1512 835 1554 in
854 1513 973 1555 nodu
982 1525 1022 1553 m
1043 1513 1283 1566 collegerat
1301 1524 1430 1560 auro,
1534 1516 1695 1566 [pantes

396 1584 548 1626 Pictus
568 1595 648 1625 acu
668 1584 854 1630 tunicas,
877 1587 922 1625 et
938 1583 1126 1624 barbara
1145 1585 1341 1636 tegmina
1359 1595 1555 1625 crurum.

397 1656 528 1694 Hunc
538 1653 691 1705 virgo,
716 1653 810 1694 sive
830 1655 879 1693 ut
901 1652 1075 1707 templis
1095 1652 1348 1707 praefigeret
1366 1664 1486 1694 arma

393 1725 525 1765 Troia
540 1755 550 1771 ,
571 1724 747 1778 captivo
764 1723 857 1765 sive
877 1724 928 1763 ut
945 1733 990 1765 se
1012 1722 1144 1765 [erret
1165 1723 1208 1763 in
1228 1733 1336 1765 auro
1351 1753 1361 1769 ,

395 1793 627 1841 venatrix,
646 1803 785 1833 unum
802 1804 858 1834 ex
876 1791 997 1833 omni
1014 1792 1257 1834 certamine
1272 1803 1433 1845 pugnae

396 1865 519 1906 Caeca
534 1863 803 1916 sequebatur
817 1878 828 1911 ς
848 1865 1077 1914 totumque
1094 1861 1268 1904 incauta
1289 1873 1370 1916 per
1386 1873 1543 1914 agmen

397 1934 611 1977 Femineo
629 1933 790 1988 praedae
810 1936 853 1976 et
867 1932 1111 1986 spoliorum
1132 1932 1311 1975 ardebat
1326 1943 1475 1975 amore
1493 1950 1502 1973 :

393 2005 548 2047 Telum
566 2015 616 2047 ex
631 2003 801 2047 insidiis
817 2014 952 2056 quum
973 2003 1149 2045 tandem
1171 2005 1368 2056 tempore
1387 2005 1517 2057 capto

395 2076 623 2122 concitat,
646 2077 691 2115 et
710 2084 892 2129 superos
909 2081 1080 2115 Arruns
1099 2074 1161 2115 sic
1182 2084 1290 2115 voce
1309 2080 1539 2127 precatur:

397 2160 418 2182 α
434 2149 614 2187 Summe
629 2144 774 2191 (lenm,
801 2144 943 2187 sancti
962 2147 1109 2186 custos
1124 2143 1314 2186 Soractis
1334 2145 1493 2198 Apollo
1509 2177 1517 2191 ,

395 2217 538 2264 Quem
554 2214 683 2269 primi
703 2214 903 2260 colimus,
927 2214 996 2255 cui
1013 2214 1171 2267 pineus
1192 2213 1323 2255 ardor
1342 2225 1502 2256 acervo

397 2284 623 2334 Pascitur3
645 2286 689 2326 et
707 2283 902 2327 medium
921 2283 1022 2327 freti
1037 2284 1203 2338 pietate
1218 2294 1299 2338 per
1318 2285 1467 2337 ignem

398 2353 597 2396 cultores
615 2352 755 2395 multa
775 2353 1021 2406 premimus
1041 2352 1223 2405 vestigia
1246 2364 1414 2406 pruna;

401 2425 462 2466 Da
475 2456 487 2474 ,
512 2425 657 2476 pater,
682 2423 768 2467 hoc
782 2424 947 2467 nostris
966 2423 1132 2466 aboleri
1154 2421 1344 2467 dedecus
1364 2424 1517 2469 armis,
