1917 2942
398 339 445 376 16
738 341 787 379 P.
821 339 1052 380 vinoun
1082 342 1331 381 MARONIS

384 441 474 471 nus
498 426 726 487 gauderet
743 465 754 483 ,
777 441 832 476 ac
852 432 891 477 si
912 433 1211 485 suumesset3
1235 430 1478 476 neminem
1495 431 1681 489 vitupe—

381 517 509 557 rare,
531 507 727 553 laudare
748 508 901 555 bonos
913 528 927 564 3
954 521 1006 555 ea
1028 509 1329 555 humanitate
1349 522 1473 564 esse,
1497 511 1549 555 ut
1571 522 1682 555 eum

384 596 525 630 nemo
545 586 638 631 nisi
660 598 918 644 perversus
946 587 1180 641 maxime,
1211 599 1308 633 non
1333 588 1516 633 amaret
1527 605 1540 641 3
1562 587 1682 632 nihil

385 663 641 721 proprium
657 664 836 711 habere
857 666 1113 712 videbatur
1125 683 1139 721 3
1162 667 1261 725 ejus
1273 665 1561 711 bibliotheca
1585 677 1682 711 non

381 740 543 786 minus
573 742 676 787 aliis
697 742 849 789 doctis
890 744 1110 804 patebat,
1134 756 1281 803 quam
1322 743 1412 789 sibi
1430 761 1443 797 ;
1485 744 1532 789 et
1564 743 1682 790 illud

384 819 625 878 Euripidis
649 834 772 880 soepe
793 822 1083 881 usurpabat,
1112 821 1383 868 communia
1414 820 1681 868 amicorum

380 910 482 943 esse
504 901 685 945 omnia.
711 902 879 959 Itaque
902 903 1065 961 poetas
1089 913 1254 947 omnes
1284 901 1487 959 aequales
1507 900 1598 946 sibi
1618 900 1685 946 sic

382 974 634 1034 adjunctos
663 978 859 1031 habuit,
900 982 979 1032 ut,
1014 991 1163 1037 quum
1198 979 1327 1024 inter
1347 991 1397 1024 se
1417 976 1682 1036 plurimum

380 1052 563 1100 Invidia
583 1055 835 1111 arderent,
859 1069 1011 1102 unum
1032 1069 1198 1103 omnes
1221 1056 1460 1110 colerent,
1485 1054 1679 1107 Varius,

379 1133 569 1188 Tucca,
595 1133 786 1188 Gallu5,
813 1136 1115 1195 PropertiuS.
1140 1137 1247 1194 Ipse
1277 1146 1394 1183 vero
1420 1133 1680 1187 Iloratiu5‚

379 1211 691 1269 ingeniorum
713 1212 910 1259 callidus
948 1215 1248 1273 explorator,
1271 1212 1359 1258 etsi
1379 1223 1573 1270 poeseos
1601 1211 1682 1257 ad—

382 1289 587 1336 mirator
606 1291 780 1336 unicus
810 1297 856 1337 et
894 1292 1094 1345 artifex,
1126 1291 1389 1350 Virgilium
1423 1291 1584 1335 tamen
1622 1288 1681 1333 ab

379 1368 530 1413 animi
560 1368 769 1415 candore
791 1372 836 1415 et
859 1370 1098 1428 probitate
1119 1370 1363 1429 praecipue
1387 1368 1573 1421 laudat,
1600 1380 1683 1413 ne-

380 1458 475 1503 que
512 1459 624 1491 eum
657 1438 911 1504 poetarum
943 1447 1245 1505 principem,
1269 1446 1350 1492 sed
1371 1446 1530 1493 virum
1555 1444 1681 1505 opti-

381 1537 515 1569 mum
536 1524 671 1571 dicit..

440 1603 617 1661 Magna
646 1602 771 1661 apud
797 1603 1068 1662 Augustum
1091 1603 1245 1661 gratia
1268 1603 1327 1649 ad
1363 1602 1410 1649 id
1441 1614 1554 1647 usus
1583 1602 1679 1652 est,

380 1683 431 1725 ut
466 1680 686 1739 plurimis
716 1680 1044 1735 benefaceret,
1077 1682 1274 1727 noceret
1312 1682 1512 1729 nemini.
1550 1683 1681 1728 Bona

378 1758 629 1817 cujusdam
646 1759 931 1813 exsulantiS,
956 1759 1190 1806 offerente
1210 1761 1427 1818 Augusto
1446 1794 1459 1813 ,
1488 1773 1681 1806 recusa-

379 1837 463 1883 vit.
488 1837 776 1883 Parentibus
802 1838 1059 1896 quotannis
1081 1850 1255 1883 aurum
1273 1836 1331 1882 ad
1353 1837 1681 1883 abundantem

380 1916 563 1962 victum
600 1917 846 1968 mittebat,
879 1928 997 1974 quos
1023 1917 1123 1975 jam
1161 1915 1359 1975 grandis
1399 1915 1584 1969 amIsit,
1626 1928 1680 1960 ex

378 1993 554 2052 quibus
595 1996 785 2053 patrem
821 1994 969 2039 oculis
1013 1995 1239 2052 captum,
1268 1995 1313 2039 et
1352 1994 1471 2039 duos
1508 1996 1682 2039 fratres

378 2085 661 2131 germanos,
686 2072 900 2120 Silonem
921 2072 1221 2131 impuberem
1237 2107 1249 2126 ,
1273 2073 1320 2118 et
1340 2074 1565 2118 Flaccum
1582 2071 1681 2130 jam

376 2150 614 2197 adultum.

436 2229 676 2276 Desuisset
695 2229 875 2288 aliquid
898 2229 1103 2289 Virgilio
1124 2229 1174 2275 in
1212 2230 1290 2275 illo
1315 2229 1554 2274 concentu
1575 2228 1677 2273 lau-

378 2307 477 2362 dis,
501 2308 595 2353 nisi
619 2309 966 2354 obtrectatores
995 2308 1462 2353 obmurmurassent.
1486 2305 1577 2353 Sed
1600 2318 1681 2351 ne-

378 2400 472 2445 que
494 2388 609 2434 olim
625 2386 740 2434 dum
764 2386 975 2441 viveret,
1003 2399 1157 2446 neque
1177 2386 1321 2432 etiam
1345 2398 1498 2437 nunc,
1531 2396 1681 2443 quum

378 2465 573 2524 scriptis
599 2465 697 2511 suis
720 2465 846 2513 vivat
868 2465 1114 2524 spiretque
1138 2451 1355 2524 {empen
1378 2463 1573 2510 defuere
1593 2474 1682 2507 un-
