<?xml version="1.0" encoding="UTF-8"?>
<!DOCTYPE html PUBLIC "-//W3C//DTD XHTML 1.0 Transitional//EN"
    "http://www.w3.org/TR/xhtml1/DTD/xhtml1-transitional.dtd">
<html xmlns="http://www.w3.org/1999/xhtml" xml:lang="en" lang="en">
 <head>
  <title>
</title>
<meta http-equiv="Content-Type" content="text/html;charset=utf-8" />
  <meta name='ocr-system' content='tesseract 3.04.00' />
  <meta name='ocr-capabilities' content='ocr_page ocr_carea ocr_par ocr_line ocrx_word'/>
</head>
<body>
  <div class='ocr_page' id='page_1' title='image "./publiivirgiliim01unkngoog/publiivirgiliim01unkngoog_0400.png"; bbox 0 0 1917 2942; ppageno 0'>
   <div class='ocr_carea' id='block_1_1' title="bbox 361 304 1657 372">
    <p class='ocr_par' dir='ltr' id='par_1_1' title="bbox 361 304 1657 372">
     <span class='ocr_line' id='line_1_1' title="bbox 361 304 1657 372; baseline 0.005 -6"><span class='ocrx_word' id='word_1_1' title='bbox 361 329 440 367; x_wconf 80' lang='lat'>598</span> <span class='ocrx_word' id='word_1_2' title='bbox 825 304 828 307; x_wconf 41' lang='lat'>¹</span> <span class='ocrx_word' id='word_1_3' title='bbox 887 330 1134 369; x_wconf 71' lang='lat' dir='ltr'>AENEmos</span> <span class='ocrx_word' id='word_1_4' title='bbox 1582 330 1657 372; x_wconf 64' lang='lat' dir='ltr'>2⁴5ss</span> 
     </span>
    </p>
   </div>
   <div class='ocr_carea' id='block_1_2' title="bbox 358 410 1676 2482">
    <p class='ocr_par' dir='ltr' id='par_1_2' title="bbox 359 410 1469 468">
     <span class='ocr_line' id='line_1_2' title="bbox 359 410 1469 468; baseline 0.005 -17"><span class='ocrx_word' id='word_1_5' title='bbox 359 410 550 452; x_wconf 81' lang='lat' dir='ltr'>Advolat</span> <span class='ocrx_word' id='word_1_6' title='bbox 567 428 576 450; x_wconf 70' lang='grc' dir='ltr'>ε</span> <span class='ocrx_word' id='word_1_7' title='bbox 592 410 713 453; x_wconf 87' lang='lat' dir='ltr'>haud</span> <span class='ocrx_word' id='word_1_8' title='bbox 734 410 817 453; x_wconf 90' lang='lat' dir='ltr'>alia</span> <span class='ocrx_word' id='word_1_9' title='bbox 837 417 902 454; x_wconf 87' lang='lat' dir='ltr'>est</span> <span class='ocrx_word' id='word_1_10' title='bbox 920 413 1055 454; x_wconf 86' lang='lat' dir='ltr'>Turni</span> <span class='ocrx_word' id='word_1_11' title='bbox 1076 413 1293 457; x_wconf 87' lang='lat' dir='ltr'>venientis</span> <span class='ocrx_word' id='word_1_12' title='bbox 1310 414 1469 468; x_wconf 70' lang='lat' dir='ltr'>imago,</span> 
     </span>
    </p>

    <p class='ocr_par' dir='ltr' id='par_1_3' title="bbox 360 478 1506 532">
     <span class='ocr_line' id='line_1_3' title="bbox 360 478 1506 532; baseline 0.008 -13"><span class='ocrx_word' id='word_1_13' title='bbox 360 482 490 520; x_wconf 89' lang='lat' dir='ltr'>Hunc</span> <span class='ocrx_word' id='word_1_14' title='bbox 506 478 579 519; x_wconf 88' lang='lat' dir='ltr'>ubi</span> <span class='ocrx_word' id='word_1_15' title='bbox 595 479 857 532; x_wconf 80' lang='lat' dir='ltr'>contiguum</span> <span class='ocrx_word' id='word_1_16' title='bbox 879 482 1019 523; x_wconf 63' lang='lat' dir='ltr'>missas*</span> <span class='ocrx_word' id='word_1_17' title='bbox 1042 481 1134 525; x_wconf 79' lang='lat' dir='ltr'>fore</span> <span class='ocrx_word' id='word_1_18' title='bbox 1153 482 1342 525; x_wconf 83' lang='lat' dir='ltr'>credidit</span> <span class='ocrx_word' id='word_1_19' title='bbox 1360 482 1506 529; x_wconf 69' lang='lat' dir='ltr'>liastOE.</span> 
     </span>
    </p>

    <p class='ocr_par' dir='ltr' id='par_1_4' title="bbox 358 549 1389 603">
     <span class='ocr_line' id='line_1_4' title="bbox 358 549 1389 603; baseline 0.003 -13"><span class='ocrx_word' id='word_1_20' title='bbox 358 552 428 591; x_wconf 85' lang='lat' dir='ltr'>Ire</span> <span class='ocrx_word' id='word_1_21' title='bbox 443 549 565 602; x_wconf 86' lang='lat' dir='ltr'>prior</span> <span class='ocrx_word' id='word_1_22' title='bbox 582 549 739 596; x_wconf 86' lang='lat' dir='ltr'>Pallas,</span> <span class='ocrx_word' id='word_1_23' title='bbox 761 550 795 591; x_wconf 91' lang='lat' dir='ltr'>si</span> <span class='ocrx_word' id='word_1_24' title='bbox 818 563 903 603; x_wconf 79' lang='lat' dir='ltr'>qua</span> <span class='ocrx_word' id='word_1_25' title='bbox 926 550 1013 593; x_wconf 76' lang='lat' dir='ltr'>fors</span> <span class='ocrx_word' id='word_1_26' title='bbox 1035 551 1214 602; x_wconf 85' lang='lat' dir='ltr'>adjuvet</span> <span class='ocrx_word' id='word_1_27' title='bbox 1234 563 1389 594; x_wconf 86' lang='lat' dir='ltr'>ausum</span> 
     </span>
    </p>

    <p class='ocr_par' dir='ltr' id='par_1_5' title="bbox 363 617 1666 810">
     <span class='ocr_line' id='line_1_5' title="bbox 364 617 1666 672; baseline 0.005 -17"><span class='ocrx_word' id='word_1_28' title='bbox 364 617 539 657; x_wconf 79' lang='lat' dir='ltr'>Viribus</span> <span class='ocrx_word' id='word_1_29' title='bbox 564 618 831 671; x_wconf 75' lang='lat' dir='ltr'>iinpariiius3</span> <span class='ocrx_word' id='word_1_30' title='bbox 851 631 1151 672; x_wconf 82' lang='lat' dir='ltr'>magnumque</span> <span class='ocrx_word' id='word_1_31' title='bbox 1175 621 1233 662; x_wconf 88' lang='lat' dir='ltr'>ita</span> <span class='ocrx_word' id='word_1_32' title='bbox 1253 620 1307 663; x_wconf 88' lang='lat' dir='ltr'>ad</span> <span class='ocrx_word' id='word_1_33' title='bbox 1328 621 1489 664; x_wconf 83' lang='lat' dir='ltr'>aethera</span> <span class='ocrx_word' id='word_1_34' title='bbox 1517 620 1634 662; x_wconf 80' lang='lat' dir='ltr'>fatur</span> <span class='ocrx_word' id='word_1_35' title='bbox 1659 639 1666 661; x_wconf 88' lang='lat'>:</span> 
     </span>
     <span class='ocr_line' id='line_1_6' title="bbox 364 687 1666 741; baseline 0.002 -14"><span class='ocrx_word' id='word_1_36' title='bbox 364 700 382 722; x_wconf 62' lang='grc' dir='ltr'>(ε</span> <span class='ocrx_word' id='word_1_37' title='bbox 399 690 484 728; x_wconf 89' lang='lat' dir='ltr'>Per</span> <span class='ocrx_word' id='word_1_38' title='bbox 505 687 641 740; x_wconf 84' lang='lat' dir='ltr'>patris</span> <span class='ocrx_word' id='word_1_39' title='bbox 661 687 916 739; x_wconf 74' lang='lat' dir='ltr'><strong>hospitium,</strong></span> <span class='ocrx_word' id='word_1_40' title='bbox 937 690 982 730; x_wconf 90' lang='lat' dir='ltr'>et</span> <span class='ocrx_word' id='word_1_41' title='bbox 1001 700 1190 735; x_wconf 85' lang='lat' dir='ltr'>mensas,</span> <span class='ocrx_word' id='word_1_42' title='bbox 1213 700 1317 741; x_wconf 86' lang='lat' dir='ltr'>quas</span> <span class='ocrx_word' id='word_1_43' title='bbox 1336 690 1505 733; x_wconf 89' lang='lat' dir='ltr'>advena</span> <span class='ocrx_word' id='word_1_44' title='bbox 1524 689 1666 738; x_wconf 86' lang='lat' dir='ltr'>adisti,</span> 
     </span>
     <span class='ocr_line' id='line_1_7' title="bbox 363 756 1429 810; baseline 0.003 -13"><span class='ocrx_word' id='word_1_45' title='bbox 363 760 424 798; x_wconf 81' lang='lat' dir='ltr'>Te</span> <span class='ocrx_word' id='word_1_46' title='bbox 445 768 618 810; x_wconf 79' lang='lat' dir='ltr'>precor,</span> <span class='ocrx_word' id='word_1_47' title='bbox 642 756 808 801; x_wconf 82' lang='lat' dir='ltr'>Alcide,</span> <span class='ocrx_word' id='word_1_48' title='bbox 831 758 987 810; x_wconf 80' lang='lat' dir='ltr'>coeptis</span> <span class='ocrx_word' id='word_1_49' title='bbox 1007 758 1263 809; x_wconf 73' lang='lat' dir='ltr'>ingentibus</span> <span class='ocrx_word' id='word_1_50' title='bbox 1288 757 1429 806; x_wconf 85' lang='lat' dir='ltr'>adsis;</span> 
     </span>
    </p>

    <p class='ocr_par' dir='ltr' id='par_1_6' title="bbox 360 826 1484 948">
     <span class='ocr_line' id='line_1_8' title="bbox 360 826 1484 881; baseline 0.003 -15"><span class='ocrx_word' id='word_1_51' title='bbox 360 828 527 868; x_wconf 86' lang='lat' dir='ltr'>Cernat</span> <span class='ocrx_word' id='word_1_52' title='bbox 545 826 751 868; x_wconf 74' lang='lat' dir='ltr'>semineci</span> <span class='ocrx_word' id='word_1_53' title='bbox 773 826 854 868; x_wconf 88' lang='lat' dir='ltr'>sibi</span> <span class='ocrx_word' id='word_1_54' title='bbox 880 838 948 869; x_wconf 86' lang='lat' dir='ltr'>me</span> <span class='ocrx_word' id='word_1_55' title='bbox 969 838 1123 881; x_wconf 85' lang='lat' dir='ltr'>rapere</span> <span class='ocrx_word' id='word_1_56' title='bbox 1144 838 1264 868; x_wconf 85' lang='lat' dir='ltr'>arma</span> <span class='ocrx_word' id='word_1_57' title='bbox 1285 831 1484 876; x_wconf 80' lang='lat' dir='ltr'>cruenta,</span> 
     </span>
     <span class='ocr_line' id='line_1_9' title="bbox 364 894 1484 948; baseline 0.001 -16"><span class='ocrx_word' id='word_1_58' title='bbox 364 895 675 948; x_wconf 64' lang='lat' dir='ltr'>&#39;victoremque</span> <span class='ocrx_word' id='word_1_59' title='bbox 696 894 840 937; x_wconf 80' lang='lat' dir='ltr'>ferant</span> <span class='ocrx_word' id='word_1_60' title='bbox 855 897 1092 938; x_wconf 85' lang='lat' dir='ltr'>morientia</span> <span class='ocrx_word' id='word_1_61' title='bbox 1108 897 1276 948; x_wconf 82' lang='lat' dir='ltr'>lumina</span> <span class='ocrx_word' id='word_1_62' title='bbox 1295 897 1449 937; x_wconf 87' lang='lat' dir='ltr'>Turni.</span> <span class='ocrx_word' id='word_1_63' title='bbox 1467 912 1484 934; x_wconf 90' lang='lat'>»</span> 
     </span>
    </p>

    <p class='ocr_par' dir='ltr' id='par_1_7' title="bbox 361 961 1619 1154">
     <span class='ocr_line' id='line_1_10' title="bbox 416 961 1522 1017; baseline 0.003 -15"><span class='ocrx_word' id='word_1_64' title='bbox 416 961 569 1005; x_wconf 87' lang='lat' dir='ltr'>Audiit</span> <span class='ocrx_word' id='word_1_65' title='bbox 587 962 760 1005; x_wconf 83' lang='lat' dir='ltr'>Alcides</span> <span class='ocrx_word' id='word_1_66' title='bbox 772 965 999 1014; x_wconf 81' lang='lat' dir='ltr'>jnvenem,</span> <span class='ocrx_word' id='word_1_67' title='bbox 1017 975 1313 1017; x_wconf 76' lang='lat' dir='ltr'>magnumque</span> <span class='ocrx_word' id='word_1_68' title='bbox 1331 966 1411 1007; x_wconf 86' lang='lat' dir='ltr'>sub</span> <span class='ocrx_word' id='word_1_69' title='bbox 1433 966 1522 1006; x_wconf 88' lang='lat' dir='ltr'>imo</span> 
     </span>
     <span class='ocr_line' id='line_1_11' title="bbox 364 1032 1619 1086; baseline -0.001 -13"><span class='ocrx_word' id='word_1_70' title='bbox 364 1032 509 1074; x_wconf 81' lang='lat' dir='ltr'>Corde</span> <span class='ocrx_word' id='word_1_71' title='bbox 528 1032 689 1086; x_wconf 83' lang='lat' dir='ltr'>premit</span> <span class='ocrx_word' id='word_1_72' title='bbox 704 1033 932 1084; x_wconf 82' lang='lat' dir='ltr'>gemitum,</span> <span class='ocrx_word' id='word_1_73' title='bbox 955 1034 1258 1085; x_wconf 73' lang='lat' dir='ltr'>lacrymasque</span> <span class='ocrx_word' id='word_1_74' title='bbox 1278 1032 1434 1074; x_wconf 72' lang='lat' dir='ltr'>elsudit</span> <span class='ocrx_word' id='word_1_75' title='bbox 1452 1034 1619 1076; x_wconf 76' lang='lat' dir='ltr'>inanes.</span> 
     </span>
     <span class='ocr_line' id='line_1_12' title="bbox 361 1101 1378 1154; baseline 0.001 -12"><span class='ocrx_word' id='word_1_76' title='bbox 361 1105 473 1143; x_wconf 78' lang='lat' dir='ltr'>Tum</span> <span class='ocrx_word' id='word_1_77' title='bbox 498 1102 674 1154; x_wconf 80' lang='lat' dir='ltr'>genitor</span> <span class='ocrx_word' id='word_1_78' title='bbox 694 1105 847 1143; x_wconf 84' lang='lat' dir='ltr'>natum</span> <span class='ocrx_word' id='word_1_79' title='bbox 867 1102 995 1144; x_wconf 85' lang='lat' dir='ltr'>dictis</span> <span class='ocrx_word' id='word_1_80' title='bbox 1014 1101 1184 1145; x_wconf 74' lang='lat' dir='ltr'>adlatur</span> <span class='ocrx_word' id='word_1_81' title='bbox 1200 1103 1350 1145; x_wconf 85' lang='lat' dir='ltr'>amicis</span> <span class='ocrx_word' id='word_1_82' title='bbox 1369 1119 1378 1143; x_wconf 73' lang='grc' dir='ltr'>ε</span> 
     </span>
    </p>

    <p class='ocr_par' dir='ltr' id='par_1_8' title="bbox 369 1171 1673 1294">
     <span class='ocr_line' id='line_1_13' title="bbox 422 1171 1673 1226; baseline 0.001 -14"><span class='ocrx_word' id='word_1_83' title='bbox 422 1185 439 1206; x_wconf 83' lang='lat'>«</span> <span class='ocrx_word' id='word_1_84' title='bbox 458 1174 644 1213; x_wconf 80' lang='lat' dir='ltr'>Statsua</span> <span class='ocrx_word' id='word_1_85' title='bbox 665 1172 825 1224; x_wconf 88' lang='lat' dir='ltr'>cuique</span> <span class='ocrx_word' id='word_1_86' title='bbox 841 1171 955 1219; x_wconf 87' lang='lat' dir='ltr'>dies;</span> <span class='ocrx_word' id='word_1_87' title='bbox 979 1172 1112 1215; x_wconf 82' lang='lat' dir='ltr'>breve</span> <span class='ocrx_word' id='word_1_88' title='bbox 1133 1174 1177 1213; x_wconf 73' lang='lat' dir='ltr'>et</span> <span class='ocrx_word' id='word_1_89' title='bbox 1196 1173 1481 1225; x_wconf 79' lang='lat' dir='ltr'>irreparabile</span> <span class='ocrx_word' id='word_1_90' title='bbox 1502 1175 1673 1226; x_wconf 82' lang='lat' dir='ltr'>tempus</span> 
     </span>
     <span class='ocr_line' id='line_1_14' title="bbox 369 1240 1499 1294; baseline 0.004 -14"><span class='ocrx_word' id='word_1_91' title='bbox 369 1240 585 1284; x_wconf 78' lang='lat' dir='ltr'>Omnibus</span> <span class='ocrx_word' id='word_1_92' title='bbox 601 1245 665 1283; x_wconf 87' lang='lat' dir='ltr'>est</span> <span class='ocrx_word' id='word_1_93' title='bbox 679 1241 778 1283; x_wconf 77' lang='lat' dir='ltr'>vitae</span> <span class='ocrx_word' id='word_1_94' title='bbox 798 1242 898 1284; x_wconf 89' lang='lat' dir='ltr'>:sed</span> <span class='ocrx_word' id='word_1_95' title='bbox 922 1242 1081 1283; x_wconf 82' lang='lat' dir='ltr'>samam</span> <span class='ocrx_word' id='word_1_96' title='bbox 1105 1243 1339 1285; x_wconf 76' lang='lat' dir='ltr'>extendere</span> <span class='ocrx_word' id='word_1_97' title='bbox 1359 1243 1499 1294; x_wconf 73' lang='lat' dir='ltr'>factis,</span> 
     </span>
    </p>

    <p class='ocr_par' dir='ltr' id='par_1_9' title="bbox 366 1311 1477 1571">
     <span class='ocr_line' id='line_1_15' title="bbox 373 1311 1412 1364; baseline 0.005 -14"><span class='ocrx_word' id='word_1_98' title='bbox 373 1314 469 1352; x_wconf 88' lang='lat' dir='ltr'>Hoc</span> <span class='ocrx_word' id='word_1_99' title='bbox 489 1311 664 1353; x_wconf 80' lang='lat' dir='ltr'>virtutis</span> <span class='ocrx_word' id='word_1_100' title='bbox 680 1322 805 1364; x_wconf 84' lang='lat' dir='ltr'>opus.</span> <span class='ocrx_word' id='word_1_101' title='bbox 822 1312 958 1362; x_wconf 84' lang='lat' dir='ltr'>Trojae</span> <span class='ocrx_word' id='word_1_102' title='bbox 981 1312 1061 1353; x_wconf 83' lang='lat' dir='ltr'>sub</span> <span class='ocrx_word' id='word_1_103' title='bbox 1078 1312 1295 1354; x_wconf 87' lang='lat' dir='ltr'>moenibus</span> <span class='ocrx_word' id='word_1_104' title='bbox 1315 1312 1412 1355; x_wconf 85' lang='lat' dir='ltr'>altis</span> 
     </span>
     <span class='ocr_line' id='line_1_16' title="bbox 366 1381 1409 1436; baseline 0.002 -14"><span class='ocrx_word' id='word_1_105' title='bbox 366 1384 451 1422; x_wconf 80' lang='lat' dir='ltr'>Tot</span> <span class='ocrx_word' id='word_1_106' title='bbox 470 1382 590 1433; x_wconf 76' lang='lat' dir='ltr'>gnati</span> <span class='ocrx_word' id='word_1_107' title='bbox 610 1381 808 1424; x_wconf 86' lang='lat' dir='ltr'>cecidere</span> <span class='ocrx_word' id='word_1_108' title='bbox 828 1382 959 1424; x_wconf 77' lang='lat' dir='ltr'>desim</span> <span class='ocrx_word' id='word_1_109' title='bbox 983 1399 991 1422; x_wconf 74' lang='grc' dir='ltr'>ε</span> <span class='ocrx_word' id='word_1_110' title='bbox 1015 1383 1120 1436; x_wconf 81' lang='lat' dir='ltr'>quin</span> <span class='ocrx_word' id='word_1_111' title='bbox 1140 1382 1304 1425; x_wconf 88' lang='lat' dir='ltr'>occidit</span> <span class='ocrx_word' id='word_1_112' title='bbox 1319 1394 1409 1424; x_wconf 85' lang='lat' dir='ltr'>una</span> 
     </span>
     <span class='ocr_line' id='line_1_17' title="bbox 370 1448 1477 1502; baseline 0.001 -12"><span class='ocrx_word' id='word_1_113' title='bbox 370 1448 616 1502; x_wconf 85' lang='lat' dir='ltr'>Sarpedon,</span> <span class='ocrx_word' id='word_1_114' title='bbox 641 1461 737 1491; x_wconf 85' lang='lat' dir='ltr'>mea</span> <span class='ocrx_word' id='word_1_115' title='bbox 756 1452 991 1502; x_wconf 80' lang='lat' dir='ltr'>progenies</span> <span class='ocrx_word' id='word_1_116' title='bbox 1010 1465 1019 1489; x_wconf 92' lang='lat'>:</span> <span class='ocrx_word' id='word_1_117' title='bbox 1039 1450 1171 1492; x_wconf 74' lang='lat' dir='ltr'>etiam</span> <span class='ocrx_word' id='word_1_118' title='bbox 1190 1462 1266 1491; x_wconf 86' lang='lat' dir='ltr'>sua</span> <span class='ocrx_word' id='word_1_119' title='bbox 1281 1453 1477 1491; x_wconf 88' lang='lat' dir='ltr'>Turnum</span> 
     </span>
     <span class='ocr_line' id='line_1_18' title="bbox 371 1518 1473 1571; baseline -0.002 -13"><span class='ocrx_word' id='word_1_120' title='bbox 371 1520 477 1559; x_wconf 82' lang='lat' dir='ltr'>Fata</span> <span class='ocrx_word' id='word_1_121' title='bbox 492 1522 667 1567; x_wconf 89' lang='lat' dir='ltr'>vocant,</span> <span class='ocrx_word' id='word_1_122' title='bbox 694 1521 920 1571; x_wconf 83' lang='lat' dir='ltr'>metasque</span> <span class='ocrx_word' id='word_1_123' title='bbox 941 1518 1031 1560; x_wconf 89' lang='lat' dir='ltr'>dati</span> <span class='ocrx_word' id='word_1_124' title='bbox 1051 1519 1256 1571; x_wconf 88' lang='lat' dir='ltr'>pervenit</span> <span class='ocrx_word' id='word_1_125' title='bbox 1271 1518 1325 1558; x_wconf 85' lang='lat' dir='ltr'>ad</span> <span class='ocrx_word' id='word_1_126' title='bbox 1345 1519 1438 1560; x_wconf 77' lang='lat' dir='ltr'>aevi.</span> <span class='ocrx_word' id='word_1_127' title='bbox 1455 1534 1473 1556; x_wconf 67' lang='lat' dir='ltr'>n</span> 
     </span>
    </p>

    <p class='ocr_par' dir='ltr' id='par_1_10' title="bbox 371 1587 1505 1782">
     <span class='ocr_line' id='line_1_19' title="bbox 422 1587 1505 1641; baseline -0.001 -13"><span class='ocrx_word' id='word_1_128' title='bbox 422 1587 494 1628; x_wconf 77' lang='lat' dir='ltr'>Sic</span> <span class='ocrx_word' id='word_1_129' title='bbox 513 1587 586 1634; x_wconf 85' lang='lat' dir='ltr'>ait.</span> <span class='ocrx_word' id='word_1_130' title='bbox 611 1589 739 1641; x_wconf 77' lang='lat' dir='ltr'>atque</span> <span class='ocrx_word' id='word_1_131' title='bbox 758 1589 907 1631; x_wconf 88' lang='lat' dir='ltr'>ocul-os</span> <span class='ocrx_word' id='word_1_132' title='bbox 928 1589 1192 1630; x_wconf 74' lang='lat' dir='ltr'>Rutulorum</span> <span class='ocrx_word' id='word_1_133' title='bbox 1216 1587 1358 1639; x_wconf 85' lang='lat' dir='ltr'>rejicit</span> <span class='ocrx_word' id='word_1_134' title='bbox 1376 1590 1505 1630; x_wconf 83' lang='lat' dir='ltr'>arvis.</span> 
     </span>
     <span class='ocr_line' id='line_1_20' title="bbox 375 1656 1361 1710; baseline 0 -12"><span class='ocrx_word' id='word_1_135' title='bbox 375 1661 433 1699; x_wconf 86' lang='lat' dir='ltr'>At</span> <span class='ocrx_word' id='word_1_136' title='bbox 452 1657 595 1699; x_wconf 86' lang='lat' dir='ltr'>Pallas</span> <span class='ocrx_word' id='word_1_137' title='bbox 615 1658 784 1710; x_wconf 83' lang='lat' dir='ltr'>magnis</span> <span class='ocrx_word' id='word_1_138' title='bbox 801 1658 968 1700; x_wconf 78' lang='lat' dir='ltr'>emittit</span> <span class='ocrx_word' id='word_1_139' title='bbox 989 1656 1156 1699; x_wconf 78' lang='lat' dir='ltr'>viribus</span> <span class='ocrx_word' id='word_1_140' title='bbox 1176 1657 1361 1704; x_wconf 75' lang='lat' dir='ltr'>hastam,</span> 
     </span>
     <span class='ocr_line' id='line_1_21' title="bbox 371 1726 1373 1782; baseline -0.001 -14"><span class='ocrx_word' id='word_1_141' title='bbox 371 1728 624 1781; x_wconf 79' lang='lat' dir='ltr'>vaginaque</span> <span class='ocrx_word' id='word_1_142' title='bbox 646 1739 753 1771; x_wconf 86' lang='lat' dir='ltr'>cava</span> <span class='ocrx_word' id='word_1_143' title='bbox 769 1726 1011 1780; x_wconf 79' lang='lat' dir='ltr'>fulgentem</span> <span class='ocrx_word' id='word_1_144' title='bbox 1029 1727 1188 1782; x_wconf 85' lang='lat' dir='ltr'>deripit</span> <span class='ocrx_word' id='word_1_145' title='bbox 1208 1739 1373 1771; x_wconf 83' lang='lat' dir='ltr'>ensem.</span> 
     </span>
    </p>

    <p class='ocr_par' dir='ltr' id='par_1_11' title="bbox 372 1799 1581 1923">
     <span class='ocr_line' id='line_1_22' title="bbox 372 1799 1581 1853; baseline 0.001 -13"><span class='ocrx_word' id='word_1_146' title='bbox 372 1800 451 1840; x_wconf 83' lang='lat' dir='ltr'>Illa</span> <span class='ocrx_word' id='word_1_147' title='bbox 468 1800 637 1847; x_wconf 87' lang='lat' dir='ltr'>volans,</span> <span class='ocrx_word' id='word_1_148' title='bbox 659 1799 850 1841; x_wconf 81' lang='lat' dir='ltr'>humeris</span> <span class='ocrx_word' id='word_1_149' title='bbox 872 1802 1059 1852; x_wconf 81' lang='lat' dir='ltr'>surgunt</span> <span class='ocrx_word' id='word_1_150' title='bbox 1079 1810 1163 1853; x_wconf 86' lang='lat' dir='ltr'>qua</span> <span class='ocrx_word' id='word_1_151' title='bbox 1184 1799 1380 1851; x_wconf 82' lang='lat' dir='ltr'>tegmina</span> <span class='ocrx_word' id='word_1_152' title='bbox 1398 1810 1581 1845; x_wconf 88' lang='lat' dir='ltr'>summa.</span> 
     </span>
     <span class='ocr_line' id='line_1_23' title="bbox 375 1867 1387 1923; baseline 0 -14"><span class='ocrx_word' id='word_1_153' title='bbox 375 1869 549 1916; x_wconf 87' lang='lat' dir='ltr'>Incidit,</span> <span class='ocrx_word' id='word_1_154' title='bbox 568 1872 698 1923; x_wconf 82' lang='lat' dir='ltr'>atque</span> <span class='ocrx_word' id='word_1_155' title='bbox 719 1869 836 1911; x_wconf 86' lang='lat' dir='ltr'>viam</span> <span class='ocrx_word' id='word_1_156' title='bbox 859 1868 989 1922; x_wconf 85' lang='lat' dir='ltr'>clipei</span> <span class='ocrx_word' id='word_1_157' title='bbox 1010 1867 1163 1909; x_wconf 85' lang='lat' dir='ltr'>molita</span> <span class='ocrx_word' id='word_1_158' title='bbox 1178 1880 1256 1922; x_wconf 82' lang='lat' dir='ltr'>per</span> <span class='ocrx_word' id='word_1_159' title='bbox 1275 1879 1387 1916; x_wconf 88' lang='lat' dir='ltr'>oras,</span> 
     </span>
    </p>

    <p class='ocr_par' dir='ltr' id='par_1_12' title="bbox 368 1938 1545 1992">
     <span class='ocr_line' id='line_1_24' title="bbox 368 1938 1545 1992; baseline -0.003 -12"><span class='ocrx_word' id='word_1_160' title='bbox 368 1938 570 1981; x_wconf 86' lang='lat' dir='ltr'>Tandem</span> <span class='ocrx_word' id='word_1_161' title='bbox 590 1941 723 1981; x_wconf 85' lang='lat' dir='ltr'>etiam</span> <span class='ocrx_word' id='word_1_162' title='bbox 743 1949 904 1992; x_wconf 85' lang='lat' dir='ltr'>magno</span> <span class='ocrx_word' id='word_1_163' title='bbox 921 1938 1100 1980; x_wconf 83' lang='lat' dir='ltr'>strinxit</span> <span class='ocrx_word' id='word_1_164' title='bbox 1116 1938 1169 1980; x_wconf 88' lang='lat' dir='ltr'>de</span> <span class='ocrx_word' id='word_1_165' title='bbox 1187 1948 1375 1992; x_wconf 81' lang='lat' dir='ltr'>corpore</span> <span class='ocrx_word' id='word_1_166' title='bbox 1394 1938 1545 1980; x_wconf 84' lang='lat' dir='ltr'>Turni.</span> 
     </span>
    </p>

    <p class='ocr_par' dir='ltr' id='par_1_13' title="bbox 376 2006 1325 2061">
     <span class='ocr_line' id='line_1_25' title="bbox 376 2006 1325 2061; baseline 0.001 -12"><span class='ocrx_word' id='word_1_167' title='bbox 376 2009 460 2050; x_wconf 88' lang='lat' dir='ltr'>Hic</span> <span class='ocrx_word' id='word_1_168' title='bbox 477 2012 648 2050; x_wconf 88' lang='lat' dir='ltr'>Turnus</span> <span class='ocrx_word' id='word_1_169' title='bbox 664 2007 777 2050; x_wconf 82' lang='lat' dir='ltr'>ferro</span> <span class='ocrx_word' id='word_1_170' title='bbox 796 2006 1021 2061; x_wconf 73' lang='lat' dir='ltr'>praefixum</span> <span class='ocrx_word' id='word_1_171' title='bbox 1044 2008 1177 2050; x_wconf 85' lang='lat' dir='ltr'>robur</span> <span class='ocrx_word' id='word_1_172' title='bbox 1194 2011 1325 2051; x_wconf 84' lang='lat' dir='ltr'>acuto</span> 
     </span>
    </p>

    <p class='ocr_par' dir='ltr' id='par_1_14' title="bbox 373 2075 1446 2129">
     <span class='ocr_line' id='line_1_26' title="bbox 373 2075 1446 2129; baseline -0.001 -11"><span class='ocrx_word' id='word_1_173' title='bbox 373 2079 427 2118; x_wconf 88' lang='lat' dir='ltr'>In</span> <span class='ocrx_word' id='word_1_174' title='bbox 447 2077 644 2119; x_wconf 78' lang='lat' dir='ltr'>Pallanta</span> <span class='ocrx_word' id='word_1_175' title='bbox 663 2076 737 2118; x_wconf 89' lang='lat' dir='ltr'>diu</span> <span class='ocrx_word' id='word_1_176' title='bbox 758 2076 922 2118; x_wconf 86' lang='lat' dir='ltr'>librans</span> <span class='ocrx_word' id='word_1_177' title='bbox 934 2077 1056 2127; x_wconf 77' lang='lat' dir='ltr'>jacit,</span> <span class='ocrx_word' id='word_1_178' title='bbox 1079 2081 1207 2129; x_wconf 83' lang='lat' dir='ltr'>atque</span> <span class='ocrx_word' id='word_1_179' title='bbox 1226 2077 1290 2118; x_wconf 88' lang='lat' dir='ltr'>ita</span> <span class='ocrx_word' id='word_1_180' title='bbox 1311 2075 1446 2118; x_wconf 72' lang='lat' dir='ltr'>fatur:</span> 
     </span>
    </p>

    <p class='ocr_par' dir='ltr' id='par_1_15' title="bbox 377 2146 1676 2270">
     <span class='ocr_line' id='line_1_27' title="bbox 382 2146 1676 2200; baseline -0.001 -16"><span class='ocrx_word' id='word_1_181' title='bbox 382 2163 398 2184; x_wconf 64' lang='lat' dir='ltr'>a</span> <span class='ocrx_word' id='word_1_182' title='bbox 420 2146 623 2200; x_wconf 78' lang='lat' dir='ltr'>Adspice,</span> <span class='ocrx_word' id='word_1_183' title='bbox 645 2158 752 2188; x_wconf 89' lang='lat' dir='ltr'>num</span> <span class='ocrx_word' id='word_1_184' title='bbox 768 2156 893 2198; x_wconf 83' lang='lat' dir='ltr'>mage</span> <span class='ocrx_word' id='word_1_185' title='bbox 911 2146 969 2188; x_wconf 89' lang='lat' dir='ltr'>sit</span> <span class='ocrx_word' id='word_1_186' title='bbox 984 2148 1185 2188; x_wconf 86' lang='lat' dir='ltr'>nostrum</span> <span class='ocrx_word' id='word_1_187' title='bbox 1202 2147 1470 2199; x_wconf 82' lang='lat' dir='ltr'>penetrabile</span> <span class='ocrx_word' id='word_1_188' title='bbox 1490 2146 1641 2188; x_wconf 85' lang='lat' dir='ltr'>telum.</span> <span class='ocrx_word' id='word_1_189' title='bbox 1661 2162 1676 2183; x_wconf 71' lang='lat' dir='ltr'>i&gt;</span> 
     </span>
     <span class='ocr_line' id='line_1_28' title="bbox 377 2216 1460 2270; baseline -0.001 -14"><span class='ocrx_word' id='word_1_190' title='bbox 377 2217 574 2263; x_wconf 80' lang='lat' dir='ltr'>Dixerat;</span> <span class='ocrx_word' id='word_1_191' title='bbox 597 2220 640 2257; x_wconf 87' lang='lat' dir='ltr'>at</span> <span class='ocrx_word' id='word_1_192' title='bbox 661 2216 866 2270; x_wconf 84' lang='lat' dir='ltr'>clipeum,</span> <span class='ocrx_word' id='word_1_193' title='bbox 891 2219 956 2258; x_wconf 87' lang='lat' dir='ltr'>tot</span> <span class='ocrx_word' id='word_1_194' title='bbox 976 2216 1078 2258; x_wconf 75' lang='lat' dir='ltr'>ferri</span> <span class='ocrx_word' id='word_1_195' title='bbox 1101 2221 1237 2267; x_wconf 77' lang='lat' dir='ltr'>terga,</span> <span class='ocrx_word' id='word_1_196' title='bbox 1262 2219 1326 2257; x_wconf 80' lang='lat' dir='ltr'>tot</span> <span class='ocrx_word' id='word_1_197' title='bbox 1349 2216 1460 2263; x_wconf 68' lang='lat' dir='ltr'>teris,</span> 
     </span>
    </p>

    <p class='ocr_par' dir='ltr' id='par_1_16' title="bbox 378 2285 1394 2341">
     <span class='ocr_line' id='line_1_29' title="bbox 378 2285 1394 2341; baseline -0.002 -14"><span class='ocrx_word' id='word_1_198' title='bbox 378 2289 524 2336; x_wconf 82' lang='lat' dir='ltr'>Quum</span> <span class='ocrx_word' id='word_1_199' title='bbox 539 2286 664 2341; x_wconf 86' lang='lat' dir='ltr'>pellis</span> <span class='ocrx_word' id='word_1_200' title='bbox 681 2286 806 2328; x_wconf 85' lang='lat' dir='ltr'>toties</span> <span class='ocrx_word' id='word_1_201' title='bbox 827 2286 954 2329; x_wconf 87' lang='lat' dir='ltr'>obeat</span> <span class='ocrx_word' id='word_1_202' title='bbox 976 2287 1248 2328; x_wconf 85' lang='lat' dir='ltr'>circumdata</span> <span class='ocrx_word' id='word_1_203' title='bbox 1264 2285 1394 2332; x_wconf 78' lang='lat' dir='ltr'>tauri,</span> 
     </span>
    </p>

    <p class='ocr_par' dir='ltr' id='par_1_17' title="bbox 377 2354 1426 2482">
     <span class='ocr_line' id='line_1_30' title="bbox 377 2354 1426 2409; baseline 0.003 -15"><span class='ocrx_word' id='word_1_204' title='bbox 377 2355 577 2397; x_wconf 80' lang='lat' dir='ltr'>Vibranti</span> <span class='ocrx_word' id='word_1_205' title='bbox 597 2354 790 2398; x_wconf 90' lang='lat' dir='ltr'>medium</span> <span class='ocrx_word' id='word_1_206' title='bbox 811 2356 955 2409; x_wconf 84' lang='lat' dir='ltr'>cuspis</span> <span class='ocrx_word' id='word_1_207' title='bbox 976 2356 1299 2398; x_wconf 70' lang='lat' dir='ltr'>transverberat</span> <span class='ocrx_word' id='word_1_208' title='bbox 1314 2356 1426 2403; x_wconf 85' lang='lat' dir='ltr'>ictu,</span> 
     </span>
     <span class='ocr_line' id='line_1_31' title="bbox 381 2425 1425 2482; baseline 0 -13"><span class='ocrx_word' id='word_1_209' title='bbox 381 2427 634 2482; x_wconf 75' lang='lat' dir='ltr'>Loricaeque</span> <span class='ocrx_word' id='word_1_210' title='bbox 652 2438 796 2469; x_wconf 89' lang='lat' dir='ltr'>moras</span> <span class='ocrx_word' id='word_1_211' title='bbox 811 2430 855 2470; x_wconf 84' lang='lat' dir='ltr'>et</span> <span class='ocrx_word' id='word_1_212' title='bbox 871 2429 1022 2481; x_wconf 83' lang='lat' dir='ltr'>pectus</span> <span class='ocrx_word' id='word_1_213' title='bbox 1042 2425 1238 2481; x_wconf 79' lang='lat' dir='ltr'>perforat</span> <span class='ocrx_word' id='word_1_214' title='bbox 1256 2426 1425 2478; x_wconf 78' lang='lat' dir='ltr'>ingens.</span> 
     </span>
    </p>
   </div>
  </div>
 </body>
</html>
