1917 2942
430 336 505 374 308
949 331 1032 370 [ΕΝ
1045 331 1205 369 EIDOS
1655 330 1730 368 ⁴86

429 417 713 472 Spiculaque,
731 417 947 469 clipeique
967 448 976 464 ‚
995 419 1230 469 ereptaque
1246 419 1386 457 rostra
1406 414 1580 457 earinis.

429 491 526 543 Ipse
545 487 759 538 Quirinali
779 486 893 529 lituo
911 517 919 534 ,
940 496 1163 539 parvaque
1184 485 1362 527 sedebat

433 558 691 600 Succinctus
711 556 880 602 trabea,
905 556 1103 610 laevaque
1120 556 1261 597 ancile
1280 553 1459 607 gerebat

441 625 572 668 Picus
589 657 598 673 ,
619 625 780 678 equum
800 623 995 666 domitor
1017 640 1027 665 :
1048 635 1178 678 quern
1199 628 1325 677 capta
1337 620 1544 676 cupidine
1562 623 1737 674 conjux,

433 699 579 737 Aurea
592 705 850 749 percussum
860 695 986 747 virga
1004 726 1013 740 ,
1036 703 1295 745 versumque
1316 691 1495 734 venenis
1516 722 1524 737 .

437 763 559 805 Fecit
576 774 701 805 avem
715 764 838 804 Circe
858 793 867 814 ,
884 764 1129 816 sparsitque
1148 762 1369 804 coloribus
1391 761 1493 803 alas.

433 834 526 875 Tali
541 835 659 875 intus
675 834 840 888 templo
860 833 1008 874 dlvum
1027 833 1254 888 patriaque
1274 833 1451 874 Latinus

434 903 544 946 Sede
563 903 735 951 sedens,
752 908 940 946 Teucros
962 904 1014 945 ad
1032 914 1126 945 sese
1141 903 1187 944 in
1204 906 1316 945 tecta
1334 902 1532 949 vocavit3

438 975 584 1026 Atque
597 973 692 1016 haec
708 974 911 1026 ingressis
927 971 1098 1026 placido
1116 972 1240 1024 prior
1259 970 1400 1013 edidit
1419 981 1520 1013 ore:

491 1057 508 1080 (ι
527 1043 680 1090 Dicite,
698 1041 975 1090 Dardanidae,
991 1041 1265 1094 neque'enim
1280 1041 1497 1083 nescimus
1511 1042 1555 1082 et
1569 1039 1739 1084 urbem,

437 1117 493 1154 Et
508 1123 645 1165 genus
658 1144 668 1160 ‚
692 1113 917 1164 aud-itique
937 1110 1161 1154 advertitis
1181 1121 1357 1164 aequore
1372 1122 1565 1156 cursum,

441 1181 557 1232 Quid
574 1182 752 1235 petitis?
769 1191 866 1234 quae
882 1191 1009 1223 causa
1022 1182 1136 1221 rates
1153 1209 1162 1226 ,
1181 1184 1255 1221 aut
1270 1182 1393 1231 cujus
1409 1178 1584 1230 egentes

438 1251 559 1292 Litus
577 1250 630 1291 ad
649 1249 891 1291 Ausonium
907 1251 973 1290 tot
989 1259 1066 1302 per
1082 1247 1188 1289 vada
1206 1247 1365 1301 cgerula
1384 1247 1531 1289 vexit?

441 1320 540 1362 Sive
559 1330 709 1362 errore
730 1320 812 1361 viae
828 1349 838 1365 ‚
859 1329 935 1360 seu
954 1318 1284 1372 tempestatibus
1300 1317 1386 1359 acti

440 1389 622 1440 (Qualia
643 1388 778 1429 multa
795 1386 904 1428 mari
919 1391 1063 1428 nautae
1081 1387 1307 1440 patiuntur
1324 1386 1372 1426 in
1387 1385 1521 1435 alto),

443 1459 653 1501 Fluminis
670 1457 863 1500 intrastis
883 1457 1012 1510 ripas.
1033 1458 1253 1509 portuque
1272 1455 1455 1502 sedetis;

442 1533 506 1572 Ne
526 1528 659 1580 fugite
678 1514 942 1581 hospitium,
966 1537 1078 1568 neve
1095 1527 1295 1576 ignorate
1314 1526 1489 1567 Latinos

444 1599 622 1640 Saturni
637 1600 827 1651 gentem,
844 1596 962 1638 haud
991 1596 1137 1638 vinclo
1156 1607 1241 1638 nec
1258 1596 1425 1649 legibus
1444 1606 1611 1649 aequam
1630 1625 1638 1640 ‚

444 1669 608 1723 Sponte
621 1679 700 1709 sua
717 1667 958 1720 veterisque
979 1666 1049 1709 dei
1063 1677 1107 1708 se
1124 1677 1249 1708 more
1268 1667 1504 1708 tenentem,

445 1743 589 1794 Atque
609 1738 810 1792 equidem
829 1738 1010 1780 memini
1027 1737 1162 1787 (sama
1181 1742 1243 1779 est
1259 1737 1487 1779 obscurior
1508 1736 1650 1785 annis)

444 1817 678 1852 Auruncos
697 1811 758 1850 ita
779 1808 893 1850 serre
909 1818 1051 1855 senes,
1069 1808 1135 1849 his
1150 1811 1272 1849 ortus
1291 1810 1339 1848 ut
1356 1807 1471 1860 agris

446 1880 674 1922 Dardanus
694 1880 829 1921 Idaeas
845 1877 1047 1932 Phrygiae
1070 1877 1308 1932 penetrarit
1327 1876 1380 1918 ad
1405 1878 1558 1921 urbes,

447 1949 777 2002 Threiciamque
805 1952 998 1996 Samum,
1020 1958 1116 2000 quas
1135 1957 1255 1988 nunc
1273 1947 1570 1989 Samothracia
1591 1944 1742 1989 fertur.

448 2020 564 2062 I-Iinc
581 2018 708 2061 illum
728 2017 909 2071 Corythi
930 2016 1158 2069 Tyrrhena
1178 2017 1230 2057 ab
1249 2017 1350 2060 sede
1365 2016 1614 2071 profectum

450 2095 598 2132 Aurea
620 2100 740 2131 nunc
754 2088 864 2131 solio
883 2088 1098 2130 stellantis
1116 2088 1238 2140 regia
1256 2087 1354 2130 coeli

450 2160 641 2213 Adcipit,
662 2161 706 2202 et
721 2169 956 2200 numerum
974 2157 1178 2200 divorum
1192 2157 1397 2199 altaribus
1417 2156 1551 2199 addit.
1576 2173 1592 2194 »

502 2231 692 2272 Dixerat.
711 2231 764 2270 Et
782 2228 897 2269 dicta
915 2229 1107 2270 Ilioneus
1123 2227 1186 2268 sic
1199 2238 1308 2270 voce
1327 2229 1502 2271 secutus
1524 2243 1533 2267 ε

455 2317 471 2338 a
495 2304 609 2348 Rex,
640 2311 777 2352 genus
804 2300 1026 2353 egregium
1046 2299 1206 2345 Fauni,
1238 2309 1320 2340 nec
1339 2297 1542 2340 fluctibus
1565 2300 1684 2340 actos

454 2375 563 2413 Atra
579 2370 748 2423 subegit
762 2369 903 2411 hiems
934 2369 1088 2411 vestris
1107 2368 1344 2411 succedere
1361 2368 1507 2414 terris,

454 2443 546 2485 Nec
563 2440 681 2483 sidus
699 2441 878 2494 regione
895 2440 976 2482 viae
993 2440 1148 2482 litusve
1166 2438 1319 2482 fefellit
1343 2458 1351 2479 ι
