1917 2942
276 333 322 372 Π
777 330 1007 371 ECLOGA
1035 330 1104 368 vl.
1528 328 1580 369 59

272 418 327 458 Et
345 417 486 470 gravis
503 417 649 458 attrita
666 415 888 470 pendebat
904 415 1141 457 cantharus
1160 426 1279 458 ansa.

273 484 478 537 Adgressi
492 484 507 536 (
521 495 624 525 nam
639 494 755 536 saepe
771 495 904 526 senex
917 495 993 537 spe
1011 484 1217 528 carminis
1236 484 1367 526 ambo

271 557 454 597 Luserat
469 557 483 606 )
499 554 705 606 injiciunt
719 553 822 607 ipsis
839 563 889 596 ex
904 553 1079 595 vincula
1093 554 1235 595 sertis.

272 623 408 665 Addit
423 635 468 665 se
483 625 647 665 sociam
668 655 677 671 ,
701 622 951 675 timidisque
971 624 1226 676 supervenit
1243 622 1362 675 AEgle
1379 653 1390 673 ‚

272 694 391 745 AEgle
404 725 414 745 ‚
435 693 648 735 Naiadum
665 692 963 747 pulcherrima
978 707 988 740 ς
1006 694 1184 746 jamque
1198 691 1368 735 videnti

271 763 527 815 sanguineis
549 762 739 805 frontem
760 762 896 804 moris
913 765 959 804 et
977 765 1172 816 tempora
1187 761 1345 816 pingit.

272 831 350 873 Ille
370 832 521 874 dolum
539 831 684 874 ridens
704 847 714 870 ε
737 834 832 881 Quo
844 831 1018 874 vincula
1037 832 1211 874 nectitis
1226 832 1244 872 ,⁹
1257 830 1416 883 inquit.

271 902 432 944 Solvite
447 914 517 944 ine
532 934 541 953 ‚
559 902 683 956 pueri
708 917 718 942 ε
736 901 838 942 satis
860 905 927 943 est
947 901 1140 955 potuisse
1158 899 1312 943 videri.

271 969 499 1018 Carmina,
522 982 618 1024 quae
633 969 764 1012 vultis
776 1000 787 1020 ‚
808 970 1062 1020 cognoscite
1083 985 1093 1009 z
1112 969 1309 1011 carmina
1326 969 1476 1017 vohis3

272 1037 387 1079 I-Iuic
406 1037 524 1080 aliud
542 1036 755 1080 mercedis
771 1038 868 1079 erit.
889 1036 1029 1079 Simul
1043 1036 1199 1090 incipit
1216 1038 1324 1091 ipse.

271 1111 380 1148 Tum
398 1120 503 1151 vero
522 1109 568 1149 in
587 1119 821 1149 numerum
835 1110 1097 1161 Faunosque
1114 1107 1312 1160 ferasque
1325 1107 1497 1151 videres

272 1177 465 1226 Ludere3
487 1181 581 1220 tum
606 1177 767 1230 rigidas
786 1180 955 1218 motare
971 1176 1201 1219 cacumina
1220 1188 1425 1230 quercus.

272 1248 360 1287 Nec
374 1247 545 1287 tantum
557 1247 721 1288 Phoebo
735 1246 897 1299 gaudet
912 1246 1143 1288 Parnassia
1154 1257 1286 1300 rupes
1300 1276 1311 1294 ‚

271 1316 360 1356 Nec
380 1317 551 1356 tantum
567 1315 781 1371 Rhodope
798 1318 1017 1357 mirantur
1031 1317 1076 1358 et
1090 1318 1283 1358 Ismarus
1302 1317 1495 1371 Orphea.

323 1387 519 1439 Namque
541 1387 725 1428 canebat
742 1386 805 1426 uti
825 1397 1036 1438 magnum
1051 1396 1130 1439 per
1144 1386 1276 1428 inane
1296 1390 1450 1429 coacta

271 1452 444 1494 Semina
467 1455 789 1507 terrarumque,
820 1454 1066 1507 animaeque
1079 1485 1089 1501 ,
1115 1455 1335 1508 marisque
1368 1455 1570 1506 fuissent,

273 1525 329 1563 Et
340 1522 492 1575 liquidi
507 1523 637 1565 simul
657 1525 769 1577 ignis
788 1540 799 1564 ι
818 1524 951 1566 uthis
970 1523 1146 1565 exordia
1162 1524 1314 1579 primis

273 1592 452 1637 Omnia.
475 1595 519 1635 et
533 1592 625 1646 ipse
644 1595 769 1635 tener
787 1592 944 1634 mundi
964 1593 1239 1636 concreverit
1258 1594 1376 1636 orbis
1398 1611 1408 1636 ι

272 1664 379 1701 Tum
399 1661 557 1704 durare
572 1662 738 1709 solum,
756 1665 800 1704 et
818 1662 1060 1706 disc-ludere
1079 1665 1221 1704 Nerea
1237 1666 1376 1715 ponto

274 1731 484 1784 cumei-it,
505 1733 549 1773 et
562 1742 708 1774 rerum
726 1732 936 1786 paulatim
954 1742 1128 1773 sumere
1149 1731 1308 1773 formas
1329 1748 1339 1771 ε

272 1804 458 1854 Jamque
472 1813 636 1843 novum
657 1804 781 1843 terrae
804 1803 1010 1854 stupeant
1021 1802 1242 1842 lucescere
1258 1800 1394 1842 solem
1408 1818 1418 1849 ς

276 1871 418 1913 Altius
437 1874 566 1923 atque
587 1872 746 1913 cadant
762 1871 976 1912 submotis
995 1870 1187 1911 nubibus
1202 1869 1391 1912 imbres:

275 1939 495 1993 Incipiant
511 1940 630 1982 silvae
649 1950 787 1993 quum
801 1939 991 1993 primum
1011 1948 1195 1990 surgere
1216 1970 1224 1985 ,
1247 1947 1475 1991 quumque

276 2010 389 2049 Rara
408 2020 486 2062 per
504 2010 681 2060 ignotos
700 2011 849 2050 errent
868 2007 1073 2049 animalia
1086 2009 1275 2049 montes.

327 2079 442 2120 Hinc
455 2079 621 2131 lapides
639 2078 818 2130 Pyrrhae
831 2080 968 2130 jactos
982 2110 993 2128 ,
1015 2078 1219 2119 Saturnia
1232 2088 1372 2130 regna
1385 2109 1396 2129 ‚

276 2147 587 2198 Caucasiasque
604 2145 741 2188 refert
758 2147 974 2192 volucres,
994 2144 1246 2199 furtumque
1273 2145 1544 2188 Promethei.

276 2216 352 2256 His
369 2214 573 2268 adjungit
599 2216 743 2268 Hylan
763 2218 907 2258 nautae
935 2227 1023 2269 quo
1040 2215 1160 2258 fonte
1176 2215 1380 2259 relictum

274 2285 559 2331 clamassent,
580 2286 762 2327 utlittus
775 2317 786 2336 ‚
816 2286 951 2338 Hyla,
971 2288 1085 2339 Hyla
1102 2319 1112 2336 ‚
1131 2298 1262 2328 omne
1280 2289 1471 2330 sonaret.

275 2356 331 2394 Et
351 2352 618 2396 fortunatam
635 2386 643 2402 ‚
663 2354 697 2396 si
715 2366 945 2408 nunquam
961 2358 1158 2399 armenta
1174 2356 1355 2401 fuissent
1372 2388 1381 2405 ,

275 2424 516 2477 Pasiphaen
535 2423 651 2467 nivei
668 2426 833 2468 solatur
845 2436 992 2470 amore
1006 2427 1200 2480 juvenci:
