1917 2942
372 332 450 370 ²⁴54
902 330 1149 370 AENEIDOS
1595 331 1669 370 580

369 418 756 469 Strymoniamque
773 428 926 468 gruem
944 448 952 464 ‚
975 420 1049 458 aut
1063 417 1209 458 album
1228 417 1389 468 dejecit
1411 419 1593 459 olorem.

369 488 410 527 Μ
417 487 517 528 ultae
539 486 657 527 illam
680 484 839 527 frustra
856 484 1084 538 Tyrrhena
1103 498 1183 539 per
1203 486 1363 541 oppida
1385 489 1544 529 matres

367 557 583 610 Optavere
601 567 763 597 nurum
781 572 789 595 ε
810 555 901 597 sola
921 557 1132 598 contenta
1152 557 1313 602 Diana,

367 629 603 668 AEternum
621 626 811 668 telorum
828 627 872 667 et
893 625 1156 678 virginitatis
1177 635 1375 667 amorem

368 699 636 738 intemerata
652 695 772 738 colit.
794 697 958 738 Vellem
975 695 1093 737 haud
1111 700 1315 749 correpta
1330 695 1478 738 luisset

366 766 522 807 Militia
541 765 612 807 tali
630 797 639 814 ‚
662 772 820 807 conata
834 765 1046 808 lacessere
1065 768 1257 808 Teucros
1276 782 1285 806 ι

363 838 473 877 Cara
494 834 600 875 mihi
621 836 922 886 comitumque
943 833 1057 877 soret
1077 845 1197 876 nunc
1216 845 1304 875 una
1324 845 1538 878 mearum.

363 910 524 949 Verum
541 917 637 958 age,
657 905 1019 959 quandoquidem
1040 904 1135 946 fatis
1154 910 1336 958 urgetur
1353 905 1537 950 acerbis.

363 975 552 1022 Labere,
569 975 794 1028 Nympha,
817 978 921 1031 polo
941 1007 951 1023 .
973 974 1170 1027 finesque
1186 975 1326 1018 invise
1346 976 1548 1023 Latinos,

362 1047 515 1087 Tristis
533 1047 607 1087 ubi
626 1044 820 1086 infausto
839 1045 1134 1087 committitur
1155 1046 1303 1086 omine
1325 1056 1488 1099 pugna.

364 1118 468 1158 Haec
486 1126 595 1167 cape
612 1146 620 1161 ‚
645 1118 690 1156 et
708 1115 913 1156 ultricem
931 1113 1139 1168 pharetra
1163 1113 1375 1166 deprome
1395 1114 1619 1166 sagittam:

364 1188 480 1232 Hae,
505 1187 758 1239 quicunque
775 1196 949 1227 sacrum
971 1184 1152 1226 violarit
1167 1185 1351 1226 vulnere
1366 1195 1526 1237 corpus
1541 1215 1553 1235 ,

363 1258 469 1297 Tros
490 1255 679 1297 ltalusve
696 1287 704 1301 ,
724 1254 832 1295 mihi
854 1254 1020 1308 pariter
1038 1253 1114 1296 det
1130 1254 1343 1306 sanguine
1363 1264 1528 1307 poenas.

360 1327 466 1366 Post
480 1335 564 1377 ego
586 1324 702 1366 nube
722 1335 829 1365 cava
847 1322 1108 1365 miserandae
1125 1334 1286 1375 corpus
1305 1326 1350 1364 et
1368 1335 1489 1364 arma

359 1395 600 1448 Inspoliata
623 1393 757 1435 feram
781 1394 971 1443 tumulo,
1002 1392 1241 1445 patriaeque
1260 1403 1486 1446 reponam.
1506 1408 1522 1430 ι)

415 1462 559 1502 Dixit:
581 1465 625 1502 at
645 1461 715 1502 illa
737 1461 841 1502 levis
861 1461 961 1502 eceli
984 1459 1160 1513 delapsa
1180 1472 1258 1514 per
1272 1471 1398 1501 auras

358 1530 564 1571 Insonnit
581 1561 590 1576 ‚
618 1529 746 1582 nigro
768 1529 1039 1570 circumdata
1058 1529 1235 1571 turbine
1255 1539 1433 1581 corpus.

412 1603 469 1641 At
489 1611 645 1640 vmanus
664 1600 833 1640 interea
852 1599 995 1639 muris‘
1008 1599 1195 1648 Trojana
1210 1599 1483 1651 propinquat
1501 1630 1509 1644 ,

359 1670 617 1721 Etruscique
639 1668 771 1710 duces
792 1701 800 1717 ,
821 1669 1108 1720 equitumque
1130 1669 1346 1710 exereitus
1364 1668 1535 1716 omnis;

359 1738 599 1792 compositi
617 1748 804 1779 numero
821 1739 866 1778 in
885 1740 1065 1779 turmas.
1085 1739 1252 1779 Fremit
1277 1747 1453 1791 aequore
1471 1739 1562 1778 toto

356 1811 577 1851 Insultans
593 1809 794 1862 sonipes.
818 1810 861 1849 et
882 1809 1040 1860 pressis
1068 1809 1234 1860 pugnat
1252 1806 1434 1849 habenis

357 1881 457 1919 Huc
479 1879 689 1919 obversus
709 1879 753 1917 et
769 1876 877 1924 huc;
904 1880 996 1917 tum
1014 1876 1100 1918 late
1123 1875 1287 1917 ferreus
1309 1875 1441 1917 hastis

356 1950 522 1989 Horret
539 1957 656 1999 ager,
677 1947 907 2000 campique
926 1945 1058 1987 armis
1076 1945 1333 1987 sublimibus
1348 1944 1519 1987 ardent.

354 2020 444 2060 Nec
465 2028 551 2058 non
571 2019 792 2068 Messapus
813 2019 995 2061 contra,
1019 2016 1270 2068 celeresque
1287 2015 1456 2065 Latini,

354 2090 527 2128 Etcum
546 2086 677 2129 fratrc
697 2089 830 2127 Coras
848 2116 856 2132 ,
885 2089 929 2126 et
946 2085 1129 2137 virginis
1150 2084 1216 2126 ala
1234 2084 1451 2131 Camillae.

351 2158 539 2200 Adversi
557 2168 714 2210 campo
733 2157 949 2210 adparent
969 2188 977 2203 ‚
996 2156 1229 2209 hastasque
1245 2155 1439 2197 reductis

354 2227 638 2270 protendunt
653 2228 784 2279 longe
804 2225 989 2272 dextris,
1017 2230 1060 2267 et
1077 2227 1248 2280 spicula
1267 2226 1467 2274 vibrant3

351 2298 668 2351 Adventusque
683 2296 843 2345 virum,
865 2294 1151 2349 fremitusque
1173 2295 1363 2338 ardescit
1382 2305 1611 2349 equorum.

352 2371 540 2420 Jamque
556 2369 668 2408 iutm
679 2369 848 2419 jactum
870 2366 941 2407 teli
965 2377 1218 2420 progressus
1234 2370 1421 2418 uterque

353 2438 612 2480 substiterat
632 2451 642 2474 ε
662 2436 804 2479 subito
820 2439 1059 2491 erumpunt
1077 2437 1268 2478 clamore
1286 2466 1295 2487 ‚
1315 2433 1637 2486 trementesque
