1917 2942
366 359 442 400 434
890 366 1150 407 AENEIDOS
1596 372 1668 412 2¹5

364 447 593 502 Eripiunt,
614 449 930 504 cumulantque
948 453 1140 496 oneratis
1158 454 1353 497 lancibus
1375 466 1486 498 aras.

416 520 476 559 At
491 530 596 560 vero
615 521 787 562 Rutulis
801 522 944 576 impar
962 533 1012 565 ea
1030 534 1180 578 pugna
1198 524 1338 568 videri

361 591 388 628 J
392 587 631 630 amdudum
644 621 652 637 ‚
677 594 721 632 et
738 590 862 633 vario
877 592 1050 635 misceri
1066 597 1248 648 pectora
1263 596 1386 637 motu
1402 613 1413 645 ;

362 661 476 699 Turn
491 659 652 712 magis,
677 662 727 701 ut
744 662 925 717 propius
941 666 1153 712 cernunt,
1171 675 1264 705 non
1283 665 1452 708 viribus
1471 667 1619 720 aequis.

358 727 572 779 Adjuvat,
593 731 766 773 incessu
789 731 923 773 tacito
941 744 1222 786 progressus,
1241 736 1286 777 et
1301 746 1422 776 aram

358 798 627 853 Suppliciter
644 811 861 842 venerans
878 800 1069 843 demisso
1084 803 1274 848 lumine,
1296 807 1468 846 Turnus
1481 835 1491 853 ,

356 866 660 919 ‘fabente-:sque
675 878 814 919 genae,
834 870 878 910 et
888 869 1090 920 juvenali
1108 870 1155 910 in
1173 881 1361 924 corpore
1376 873 1534 925 pallor.

355 938 496 985 Quem
515 938 713 979 simulac
729 940 754 977 J
761 939 922 981 uturna
942 949 1070 980 soror
1088 941 1366 984 crebrescere
1381 942 1494 984 vidit

355 1008 617 1048 Sermonem
632 1038 642 1056 ‚
667 1007 712 1047 et
728 1006 849 1059 vulgi
868 1008 1039 1051 variare
1056 1007 1248 1051 labantia
1266 1010 1422 1058 corda;

352 1077 404 1116 In
424 1075 591 1118 medias
604 1078 741 1120 acies.
767 1074 956 1118 formam
976 1077 1239 1121 adsimulata
1258 1081 1472 1128 Camerti,

351 1146 434 1187 Cui
449 1156 588 1198 genus
610 1159 634 1189 a
651 1147 828 1201 proavis
847 1147 1005 1201 ingens
1020 1181 1030 1200 ,
1053 1148 1310 1202 clarumque
1333 1154 1529 1203 paternae

350 1218 526 1258 Nomen
546 1219 639 1259 erat
657 1218 835 1259 virtutis
849 1248 859 1265 ,
881 1218 1035 1272 etipse
1051 1221 1293 1262 acerrimus
1313 1222 1472 1269 armis;

347 1287 401 1327 In
419 1286 585 1329 medias
606 1288 682 1329 dat
700 1298 794 1330 sese
811 1288 947 1339 acies,
969 1286 1089 1330 haud
1105 1289 1253 1331 nescia
1270 1301 1418 1332 rerum
1433 1321 1443 1338 ,

347 1357 654 1409 Rumoresque
670 1357 778 1398 serit
794 1357 940 1398 varios
956 1388 964 1406 ,
981 1348 1034 1400 'ac
1051 1357 1150 1399 talia
1170 1358 1311 1400 satur:

346 1438 365 1461 «
395 1429 430 1468 N
437 1438 495 1469 on
516 1428 676 1482 pudet,
696 1438 723 1469 o
742 1428 912 1475 Rutuli,
933 1439 1014 1482 pro
1032 1430 1203 1471 cunctis
1223 1430 1377 1472 talibus
1397 1441 1532 1472 unam

345 1496 576 1551 objectare
595 1500 813 1540 animam?
838 1509 1106 1546 numerone,
1126 1510 1182 1541 an
1199 1500 1365 1542 viribus
1383 1500 1497 1553 aequi

343 1571 444 1609 Non
461 1571 638 1611 sumus?
661 1572 744 1617 En,
762 1580 914 1611 omnes
935 1573 980 1611 et
995 1571 1143 1617 Troes,
1167 1572 1212 1612 et
1231 1569 1442 1620 Arcades,
1464 1571 1507 1612 hi
1528 1574 1644 1618 sunt,

342 1639 603 1692 Fatalesque
623 1649 780 1681 manus
798 1670 808 1690 ,
830 1638 1000 1681 infensa
1026 1639 1198 1682 Etruria
1219 1643 1387 1682 Turno.

338 1709 628 1754 vixhostem.
652 1710 812 1753 alterni
832 1712 868 1752 si
885 1710 1239 1765 congrediamur,
1261 1711 1489 1754 habemus.

335 1783 417 1824 Ille
437 1782 618 1834 quidem
634 1782 687 1823 ad
706 1792 914 1835 superos,
931 1793 1122 1834 quorum
1143 1793 1187 1824 se
1207 1782 1401 1826 devovet
1419 1783 1524 1829 aris,

335 1852 551 1896 succedet
567 1851 703 1898 fama,
724 1853 937 1905 vivusque
959 1864 1040 1908 per
1061 1864 1136 1895 ora
1157 1852 1323 1896 feretur
1345 1870 1354 1894 :

334 1927 421 1966 Nos
437 1955 447 1971 ,
470 1923 613 1978 patria
633 1923 788 1965 amissa
807 1954 817 1974 ,
841 1922 1037 1964 dominis
1059 1934 1215 1975 parere
1235 1923 1436 1978 superbis

331 2000 565 2048 cogemur,
588 1994 662 2048 qui
681 2004 805 2034 nunc
820 1992 931 2036 lenti
950 1993 1227 2037 consedimus
1247 1994 1376 2035 arvis.
1400 2009 1416 2031 n

288 2109 296 2112 ,
381 2064 552 2106 Talibus
568 2066 748 2106 incensa
767 2068 830 2106 est
850 2065 1069 2114 juvenum
1086 2066 1304 2107 sententia
1328 2063 1457 2107 dictis
1472 2097 1482 2113 ,

329 2137 427 2175 Jam
440 2135 580 2187 magis
590 2137 720 2188 atque
731 2134 891 2187 magi53
905 2135 1128 2188 serpitque
1142 2145 1222 2188 per
1233 2135 1408 2188 agmina
1422 2145 1637 2177 murmur,

329 2208 345 2246 Ι
352 2204 414 2259 psi
434 2207 671 2247 Laurentes
690 2204 871 2252 mutati,
894 2205 1065 2259 ipsique
1083 2204 1243 2246 Latini.

327 2276 411 2327 Qui
432 2276 514 2318 sibi
527 2277 1012 2329 jan11·e„{uiempugnae
1032 2275 1250 2328 rebusque
1271 2275 1456 2317 salutem

326 2347 597 2399 sperabant,
619 2357 741 2388 nunc
760 2358 881 2388 arma
900 2345 1082 2395 volunt,
1106 2344 1330 2399 foedusquc
1348 2348 1586 2402 precantur

324 2415 541 2459 lnl'ectum
560 2449 567 2465 ‚
589 2419 633 2459 et
651 2417 783 2458 Turni
799 2421 964 2460 sortem
982 2417 1247 2459 miserantur
1264 2416 1476 2471 iniquam.

324 2486 401 2529 llis
423 2485 542 2528 aliud
564 2489 702 2539 majus
722 2489 914 2529 Juturna
940 2485 1161 2540 adjungit,
1184 2489 1224 2529 et
1247 2485 1336 2528 alto
