1917 2942
378 337 456 376 :388
904 337 1160 378 AENEIDOS
1613 341 1683 378 ¹56

378 425 574 465 Externo
598 423 831 465 commissa
851 421 968 464 duci.
987 424 1138 464 AEneia
1157 424 1318 477 puppis

381 492 531 532 Prima
547 494 689 539 tenet,
708 495 855 533 rostro
873 491 1090 544 Phrygios
1109 492 1345 542 subjuncta
1361 491 1510 534 leones
1529 509 1537 531 :

382 561 589 602 imminet
604 559 681 601 Ida
697 571 844 612 super,
867 560 1061 613 profugis
1081 560 1328 612 gratissima
1345 560 1538 601 Teucris.

382 631 465 672 Hic
484 642 671 683 magnus
687 630 811 672 sedet
832 633 1009 676 AEneas‚
1030 641 1266 682 secumque
1285 630 1456 671 voluta-t

381 703 575 742 Eventus
591 700 695 741 belli
714 700 859 741 varios
880 715 890 739 :
911 699 1139 753 Pallasque
1159 700 1338 742 sinistro

387 768 564 810 Adfixus
579 769 702 810 lateri
716 770 807 820 jam
825 769 983 822 quaerit
1001 769 1171 814 sidera,
1202 779 1351 823 opacae

383 839 640 882 Noctisiter.
656 841 747 888 jani
765 849 860 890 quae
877 850 1025 891 passus
1046 842 1252 891 terraque
1268 837 1479 890 marique.

434 909 622 950 Pandite
637 918 757 948 nunc
778 909 1011 954 Helicona,
1033 907 1149 952 deae,
1176 910 1417 961 cantusque
1431 908 1606 948 movete
1624 922 1635 951 ς

381 981 488 1028 Quae
504 989 658 1019 manus
673 979 841 1020 interea
855 979 1004 1021 Tuscis
1020 979 1255 1020 comitetur
1269 978 1324 1019 ob
1341 979 1428 1020 oris

384 1051 573 1097 AEnean,
597 1050 824 1100 armetque
841 1053 971 1096 rates,
992 1049 1237 1102 pelagoque
1251 1048 1455 1090 vehatur.

437 1119 647 1161 Massicus
664 1123 796 1161 {erata
814 1120 1016 1174 princeps
1034 1123 1154 1162 secat
1169 1130 1345 1172 aequora
1362 1120 1479 1173 Tigri
1497 1133 1506 1156 :

385 1187 472 1227 Sub
489 1199 578 1240 quo
600 1187 717 1228 mille
735 1189 1133 1239 manusjuvenum,
1152 1188 1225 1240 qui
1243 1188 1407 1230 moenia
1426 1187 1558 1235 Clusi,

386 1258 560 1311 Quique
581 1257 736 1300 urbem
756 1257 923 1309 liquere
941 1261 1071 1299 Cosas
1090 1273 1100 1298 ι
1120 1258 1213 1310 quis
1233 1259 1330 1305 tela,
1350 1258 1532 1311 sagittae.

385 1327 628 1381 corytique
648 1327 766 1369 leves
785 1327 993 1375 humeris,
1017 1331 1060 1369 et
1080 1326 1225 1370 letifer
1248 1340 1394 1371 arcuS.

386 1399 483 1437 Una
500 1400 651 1439 torvus
671 1397 810 1440 Abas:
838 1397 942 1440 huic
960 1401 1102 1439 totum
1121 1398 1367 1451 insignibus
1388 1400 1521 1440 armis

385 1470 572 1518 Agmen,
594 1470 638 1508 et
658 1471 813 1508 aurato
831 1465 1025 1518 fulgebat
1040 1468 1246 1520 Apolline
1265 1468 1440 1521 puppis.

386 1539 616 1578 sexcentos
636 1536 700 1577 illi
715 1536 896 1578 dederat
911 1536 1155 1590 Populonia
1171 1539 1312 1578 mater

387 1608 596 1659 Expertos
614 1605 714 1647 belli
725 1606 912 1655 juvenes
932 1618 942 1641 τ
968 1608 1032 1647 ast
1051 1606 1143 1646 Ilva
1160 1608 1381 1649 trecentos

386 1677 546 1721 Insula.
563 1674 828 1717 inexhaustis
843 1674 1088 1727 Chalybum
1108 1685 1322 1727 generosa
1339 1674 1544 1717 metallis.

389 1745 576 1791 Tertius,
600 1744 676 1785 ille
693 1742 928 1784 hominum.
947 1743 1186 1795 divumque
1206 1743 1423 1798 interpres
1438 1744 1605 1795 Asylas.

387 1814 465 1855 Cui
483 1812 703 1867 pecudum
723 1812 843 1853 fibrae
861 1844 870 1860 ‚
889 1813 988 1854 eceli
1008 1814 1076 1854 cui
1098 1811 1242 1853 sidera
1260 1815 1429 1864 parent,

387 1887 443 1926 Et
462 1885 622 1937 liuguae
639 1884 886 1929 voluerum,
909 1887 954 1924 et
971 1883 1153 1936 praesagi
1174 1882 1369 1924 fulminis
1388 1883 1527 1935 ignes,

390 1953 509 1995 Mille
529 1953 646 2004 rapit
665 1951 822 1993 densos
838 1952 931 1994 acie
951 1956 1082 2005 atque
1101 1951 1382 1993 horrentibus
1398 1951 1549 1993 hastis.

391 2025 482 2063 Hos
501 2031 655 2075 parere
668 2019 827 2071 jubent
844 2020 1023 2074 Alpheae
1039 2021 1092 2062 ab
1109 2021 1277 2072 origine
1295 2021 1420 2065 Pisae.

387 2091 501 2132 Urbs
515 2093 698 2131 Etrusca
712 2090 822 2131 solo.
843 2090 1048 2142 Sequitur
1066 2089 1385 2144 pulcherrimus
1404 2093 1550 2137 Astur,

392 2165 523 2202 Astur
539 2170 653 2212 equo
669 2158 823 2206 fidens,
847 2162 890 2201 et
907 2159 1242 2203 versicoloribus
1263 2160 1409 2202 armis.

390 2234 657 2273 Tercentum
677 2229 889 2282 adjiciunt
906 2232 1048 2278 (mens
1064 2232 1268 2274 omnibus
1290 2243 1379 2273 una
1397 2229 1630 2284 sequendi)

390 2300 475 2350 Qui
494 2301 661 2341 Caerete
677 2299 826 2346 domo.
845 2302 918 2353 qui
935 2304 1038 2343 sunt
1053 2301 1259 2343 Minionis
1278 2302 1324 2342 in
1345 2300 1477 2349 arvis,

391 2372 447 2410 Et
464 2369 599 2421 Pyrgi
619 2373 805 2416 veteres,
825 2369 1186 2424 intempestaeque
1203 2371 1438 2412 Graviscae.

448 2441 542 2479 Non
568 2448 650 2488 ego
670 2441 727 2484 te.
746 2439 958 2491 Ligurum
980 2439 1141 2483 ductor
1162 2437 1393 2483 fortissime
1411 2439 1540 2485 bello,
