1917 2942
175 319 248 361 303
688 319 851 359 LIBER
881 319 977 359 xil.
1403 318 1479 360 437
1506 323 1512 326 “

179 405 401 447 Pastorem
420 435 429 453 ,
450 403 679 458 primaque
697 404 790 447 acie
809 415 890 457 per
910 404 995 446 tela
1017 407 1220 447 ruentem

178 479 288 518 Ense
307 486 496 528 sequens
511 474 634 516 nudo
651 475 1013 527 superimminet:
1030 474 1104 517 1116
1124 477 1264 518 securi

180 543 357 586 Adversi
377 543 566 585 frontem
582 541 774 585 mediam
795 545 1083 596 mentumque
1102 543 1282 586 reducta

181 613 338 665 Disjicit
355 643 365 660 ,
386 612 431 655 et
451 623 603 667 sparso
620 612 707 654 late
721 613 839 664 rlgat
854 623 973 654 arma
992 623 1168 655 cruore.

176 679 258 721 0111
277 680 387 721 dura
407 680 527 734 quies
548 679 698 721 oculos
718 682 762 722 et
780 678 946 721 ferreus
965 683 1092 730 urget

179 753 360 791 Somnus
378 765 388 797 3
406 750 453 790 in
472 752 682 790 aeternam
702 746 971 790 clauduntur
987 748 1156 790 lumina
1172 753 1366 794 noctem.

229 821 289 860 At
301 821 401 873 pius
419 822 574 861 AEueas
590 818 789 861 dextram
806 818 1010 861 tendebat
1032 819 1249 863 inermem

181 890 349 933 Nudato
371 889 516 944 capite
535 921 544 938 ,
568 893 698 942 atque
726 898 827 930 suos
846 888 1039 931 clamore
1060 889 1271 932 vocabat:

183 975 201 997 ι
219 964 316 1011 Quo
332 960 486 1002 ruitis?
506 970 658 1013 quaeve
681 960 763 1001 ista
780 969 940 1012 repens
956 958 1179 1002 discordia
1193 962 1362 1014 surgit?
1383 997 1386 998 ⁷

182 1033 215 1070 O
240 1029 444 1072 cohibete
465 1030 571 1071 iras!
594 1029 839 1079 ictumjam
860 1026 1001 1070 foedus
1016 1058 1026 1076 ‚
1047 1033 1090 1071 et
1107 1040 1261 1072 omues

183 1101 440 1153 compositae
459 1098 576 1151 leges
598 1114 607 1138 ι
628 1097 733 1138 mihi
745 1099 817 1148 =ius
835 1107 1016 1139 coneum
1029 1109 1104 1140 ere
1120 1099 1202 1140 soli
1219 1112 1231 1135 ε

183 1173 246 1211 Me
259 1170 412 1215 sinite.
436 1170 566 1222 atque
581 1166 748 1209 auferte
766 1171 925 1209 metus.
944 1169 1036 1220 Ego
1054 1164 1219 1209 foedera
1239 1167 1335 1209 faxo

187 1240 325 1281 Firma
337 1248 473 1279 manu
493 1254 501 1277 ι
520 1240 719 1279 Turnum
733 1238 825 1288 jam
843 1236 1009 1279 debent
1023 1235 1118 1278 haec
1135 1236 1241 1278 mihi
1261 1249 1400 1281 sacra.
1421 1253 1438 1276 »

186 1314 267 1352 Has
282 1310 397 1352 iuter
412 1318 543 1350 voces
559 1338 569 1357 ‚
591 1305 735 1349 media
754 1308 869 1347 inter
886 1306 985 1346 talia
1006 1306 1162 1352 verba,

186 1384 295 1423 Ecce
313 1410 322 1427 ,
344 1379 440 1423 viro
459 1377 650 1418 stridens
667 1376 743 1418 alis
762 1375 939 1428 adlapsa
957 1376 1116 1428 sagitta
1133 1380 1221 1424 est,

188 1452 407 1492 incertum
422 1459 510 1500 qua
525 1447 650 1502 pulsa
668 1457 825 1490 manu.
851 1455 939 1495 quo
955 1444 1130 1488 turbine
1147 1447 1324 1495 adacta:

188 1520 288 1569 Quis
307 1520 476 1560 tantam
493 1516 664 1557 Rutulis
690 1515 866 1556 laudem
883 1545 893 1562 ‚
913 1525 1119 1561 casusne.
1145 1514 1311 1559 deusne
1330 1548 1339 1564 ,

189 1589 419 1630 Adtulerit.
436 1590 590 1629 Pressa
604 1589 670 1629 est
686 1584 870 1636 insignis
889 1585 1030 1637 gloria
1050 1583 1150 1626 facti
1168 1603 1179 1633 3

189 1662 270 1700 Nee
287 1669 380 1701 sese
399 1660 543 1699 AEneae
560 1656 741 1708 jactavit
756 1654 944 1696 vuluere
964 1654 1210 1708 quisquam.

236 1732 407 1771 Turnus
423 1757 433 1775 ,
461 1730 509 1769 ut
527 1730 690 1767 AEnean
710 1727 939 1767 cedentem
954 1735 1005 1765 ex
1022 1726 1194 1777 agmine
1211 1727 1322 1770 vidit
1339 1759 1349 1776 ,

189 1800 484 1851 ‘turbatosque
503 1794 659 1844 duces,
680 1794 823 1837 subita
843 1806 919 1846 spe
940 1794 1130 1837 fervidus
1150 1798 1273 1840 ardet
1291 1813 1300 1835 ι

192 1869 337 1911 Poscit
351 1877 486 1921 equos
502 1868 634 1918 atque
648 1875 770 1906 arma
782 1863 911 1905 simui
927 1893 936 1909 ,
956 1864 1154 1916 saltuque
1170 1868 1381 1920 superbus

195 1939 362 1981 Emicat
376 1938 421 1977 in
440 1947 647 1983 currum,
668 1937 713 1976 et
728 1933 926 1975 manibus
943 1934 1121 1977 molitur
1139 1935 1342 1981 habenas.

194 2009 325 2050 Multa
342 2007 487 2050 virum
507 2004 700 2047 volitans
718 2003 794 2046 dat
811 2002 940 2046 sortia
957 2015 1140 2058 corpora
1163 2008 1250 2049 ieto
1269 2021 1278 2044 :

192 2080 436 2121 Semineces
452 2074 592 2117 volvit
606 2074 792 2115 multos:
812 2075 889 2114 aut
905 2074 1080 2126 agmina
1094 2087 1227 2117 curru

197 2149 408 2195 Protei-it,
429 2149 504 2188 aut
520 2149 664 2197 raptas
684 2143 950 2197 fugientibus
969 2144 1303 2196 ingerithastas.

198 2220 340 2269 Qualis
360 2217 479 2271 apud
497 2215 627 2268 gelidi
648 2225 784 2268 quum
802 2213 983 2256 flumina
1002 2215 1205 2258 concitus
1225 2219 1361 2262 Hebri

197 2290 466 2343 sanguineus
479 2290 651 2328 Mavors
668 2283 811 2337 clipeo
827 2282 1028 2338 increpat
1043 2318 1051 2333 ,
1075 2288 1207 2340 atque
1223 2288 1417 2333 furentes

200 2361 313 2402 Bella
329 2367 511 2399 movens
527 2353 724 2396 immittit
738 2364 873 2406 equos
890 2366 899 2389 τ
918 2354 978 2396 1111
1000 2365 1180 2408 aequore
1196 2363 1351 2412 aperto

202 2431 311 2477 Ante
338 2428 474 2484 Notos
493 2422 832 2488 Zephyrumque
851 2423 1022 2473 volaut3
1043 2426 1179 2478 gemit
1193 2429 1349 2472 ultima
1366 2430 1493 2484 pulsu

1255 2507 1338 2547 *50
