1917 2942
318 351 392 390 1¹74
847 349 1105 391 AENEIDOS
1550 354 1626 389 5¹³3

316 436 506 477 Venerat
519 465 529 485 ‚
549 435 707 477 insano
729 432 1203 485 Cassandriceiincensus
1223 446 1396 485 amore;

317 505 372 544 Et
391 514 527 555 gener
551 502 760 545 auxilium
773 504 952 545 Priamo
968 503 1306 557 Phrygibusque
1324 503 1505 547 ferebat.

315 571 477 614 Infelix
494 605 504 618 ,
528 573 715 625 quinon
738 585 910 628 sponsae
926 578 1150 629 praecepta
1168 572 1353 617 furentis

319 641 551 683 Audierit!

316 714 437 761 Quos
455 711 530 753 ubi
550 710 774 754 consertos
796 712 958 755 audere
974 713 1021 753 in
1043 713 1188 765 praelia
1210 713 1300 754 vidi
1319 746 1328 760 ,

315 779 489 832 Incipio
506 779 746 834 superbis:
773 795 789 817 «
810 784 1028 828 Jnvenes,
1052 780 1290 823 fortissima
1312 780 1477 824 frustra

314 851 505 891 Pectora
524 879 532 897 ,
555 849 589 891 si
608 849 732 891 vobis
754 848 992 891 audentem
1022 855 1215 892 extrema
1236 850 1397 904 cupido

316 920 447 970 §ert-a
465 918 587 971 sequi
609 950 617 965 ‚
635 929 733 971 quae
753 918 810 958 sit
830 918 961 959 rebus
979 917 1159 960 fortuna
1179 917 1339 960 videtis
1357 936 1367 967 3

315 987 550 1029 Excessere
569 996 724 1027 omnes
740 986 883 1040 adytis
905 987 1081 1039 arisque
1100 987 1268 1029 relictis

317 1056 368 1096 Di
387 1087 395 1103 ‚
420 1056 578 1109 quibus
595 1056 937 1119 imperikumlhoc
954 1059 1161 1106 steterat3
1193 1059 1451 1100 succurritis
1471 1059 1568 1100 urbi

274 1175 288 1184 Β
314 1126 537 1173 Incensae3
558 1126 803 1166 moriamur
821 1117 832 1173 ζ
853 1126 961 1168 etin
977 1124 1125 1181 med&
1145 1136 1266 1167 arma
1280 1138 1475 1169 ruamus.

260 1196 264 1210 ¹
321 1198 417 1237 Una
436 1197 551 1238 salus
571 1197 699 1239 victis
716 1229 725 1245 ‚
748 1197 916 1239 nullam
936 1208 1112 1250 sperare
1127 1198 1330 1240 salutem.
1352 1212 1370 1236 »

371 1264 440 1305 Sic
460 1264 616 1306 animis
626 1267 845 1317 juvenum
866 1263 992 1306 furor
1009 1264 1199 1307 additus.
1221 1266 1353 1314 Inde,
1373 1267 1466 1319 lupi
1489 1277 1570 1309 ceu

321 1334 537 1387 Raptores
553 1335 647 1375 atra
661 1334 709 1373 in
724 1333 887 1376 nebula
905 1365 914 1380 ‚
938 1345 1049 1388 quos
1065 1335 1267 1387 improba
1286 1336 1452 1378 ventris

318 1402 475 1455 Exegit
492 1413 630 1446 caecos
645 1405 789 1446 rabies
809 1437 817 1453 ,
841 1406 1063 1458 catulique
1084 1405 1229 1447 relicti

318 1474 538 1515 Faucibus
560 1476 816 1528 exspectant
833 1476 959 1518 siccis
979 1493 989 1525 ;
1009 1488 1088 1529 per
1105 1476 1205 1525 tela,
1226 1488 1306 1528 per
1322 1475 1486 1524 hostes,

322 1543 528 1586 vadimus
544 1545 665 1587 haud
684 1546 865 1588 dubiam
880 1548 927 1587 in
946 1552 1138 1588 mortem
1153 1564 1162 1594 ;
1181 1547 1427 1601 inediaeque
1442 1552 1639 1590 tenemus

320 1614 450 1655 Urbis
467 1614 566 1659 iter.
584 1616 621 1655 N
628 1626 683 1657 ox
705 1620 799 1657 alra
815 1626 922 1658 cava
941 1616 1237 1658 circumvolat
1255 1615 1429 1659 umbra.

318 1684 424 1746 Quis
442 1683 613 1726 cladem
628 1684 742 1726 illius
757 1686 922 1731 noctis,
942 1685 1039 1738 quis
1055 1685 1211 1728 funera
1232 1685 1365 1727 fando

317 1752 538 1806 Explicet,
562 1757 637 1794 aut
654 1754 791 1808 possit
810 1755 1017 1805 lacrymis
1038 1765 1213 1807 {equale
1228 1754 1431 1796 labores?

316 1823 427 1865 Urbs
447 1823 630 1888 antiqua
647 1825 757 1870 ruit,
783 1825 946 1866 multos
962 1824 1112 1865 domin
1120 1827 1190 1866 ata
1204 1835 1284 1879 per
1298 1837 1465 1873 annos;

320 1893 517 1935 Plurima
533 1905 699 1948 perque
717 1894 808 1938 vias
824 1897 1085 1937 sternuntur
1102 1896 1259 1937 inertia
1278 1897 1442 1949 passim

320 1965 541 2015 Corpora,
563 1974 732 2017 perque
752 1963 930 2008 domos.
954 1967 998 2007 et
1015 1964 1224 2016 religiosa
1244 1964 1430 2007 deorum

322 2031 510 2074 Limina.
541 2033 578 2072 N
584 2042 635 2074 ec
653 2033 735 2074 soli
756 2044 906 2087 peenas
922 2032 1030 2074 dant
1043 2033 1258 2086 sanguine
1276 2033 1433 2076 Teucri
1454 2051 1465 2073 ι

313 2102 555 2153 ¹Quondam
574 2103 707 2146 etiam
723 2104 851 2147 victis
867 2104 984 2148 redit
997 2104 1043 2145 in
1061 2104 1307 2158 praecordia
1325 2105 1466 2146 virtus
1480 2120 1488 2151 3

319 2175 354 2211 V
358 2172 608 2227 ictoresque
628 2173 794 2216 eadunt
813 2175 966 2216 Danai.
989 2173 1192 2217 Crudelis
1212 2173 1376 2227 ubique

259 2243 261 2251 '
327 2246 487 2285 Luctus
505 2275 514 2289 .
539 2243 705 2297 ubique
726 2255 880 2298 pavor,
901 2246 945 2286 et
964 2245 1156 2298 plurima
1177 2243 1332 2284 mortis
1351 2243 1516 2296 imago.

374 2313 550 2355 Primus
566 2325 638 2362 se,
662 2313 865 2356 Danaum
884 2325 1046 2366 magna
1065 2315 1307 2356 comitante
1323 2316 1500 2355 caterva
1520 2344 1528 2359 ,

325 2383 588 2437 Androgeus
608 2383 741 2426 offert
757 2384 909 2430 nobis,
928 2384 1048 2425 socia
1067 2382 1243 2435 agmina
1261 2382 1445 2426 credens

321 2452 492 2495 Inscius
511 2469 521 2499 ;
543 2456 674 2507 atque
691 2454 810 2496 ultro
827 2453 975 2494 verbis
995 2452 1232 2506 compellat
1252 2452 1402 2494 amicis
1427 2469 1434 2491 :
