1917 2942
335 320 403 357 304
852 321 1105 359 AENEiDOS
1578 323 1630 363 66

328 404 552 445 obsedere
571 403 763 457 apice1n;
786 409 832 446 et
851 404 1034 458 pedibus
1052 416 1132 459 per
1150 409 1302 448 mutua
1317 408 1453 452 nexis,

327 477 522 515 Examen
541 473 735 529 subitum
748 484 873 515 ramo
889 473 1123 517 frondente
1136 475 1361 528 pependit.
1414 509 1417 511 .

329 545 553 585 Continuo
568 547 689 586 vates
707 575 716 591 ‚
736 557 752 580 a
776 547 1016 586 Externum
1036 546 1275 591 cernimus,
1295 546 1455 599 inquit,

328 616 580 658 Adventare
598 617 755 663 virum,
779 621 821 659 et
836 621 983 672 partes
1005 620 1151 672 petere
1175 629 1331 670 agmen
1355 618 1531 662 easdem

328 686 532 729 Partibus
555 699 607 730 ex
623 687 779 735 isdem.
802 691 848 730 et
866 699 1039 730 summa
1056 688 1326 730 dominarier
1342 700 1459 731 arce.
1476 705 1492 726 »ι

385 758 618 807 Pras-terea,
637 757 767 799 castis
784 756 931 800 adolet
946 756 1052 798 dum
1070 758 1222 800 altaria
1238 759 1375 805 taedis,

336 828 526 877 Utjuxta
546 827 798 878 genitorem
817 826 962 869 adstat
983 828 1165 870 Lavinia
1182 828 1324 881 virgo,

337 896 440 937 Visa
464 896 641 949 (nefas)
664 897 804 949 longis
819 897 1143 950 comprendere
1158 898 1354 941 crinibus
1373 901 1536 952 ignem,

343 969 487 1017 Atque
508 976 687 1008 omnem
702 970 911 1007 ornatum
934 967 955 1005 tl
964 977 1108 1008 amma
1123 968 1368 1022 crepitante
1388 969 1591 1015 eremari⁹

338 1034 610 1086 Regalesqne
626 1034 814 1077 adcensa
833 1047 998 1087 comas,
1017 1036 1205 1077 adcensa
1222 1047 1435 1078 coronam

341 1103 565 1155 Insignem
584 1105 793 1156 gemmis:
815 1108 907 1145 tum
928 1103 1094 1145 Fumida
1110 1105 1279 1146 lumine
1303 1105 1422 1147 fulvo

339 1174 528 1225 Involvi,
550 1174 600 1215 ac
622 1176 724 1216 totis
746 1175 992 1217 Vulcanum
1011 1186 1224 1228 spargere
1241 1176 1386 1217 tectis

341 1241 392 1282 Id
410 1254 516 1286 vero
533 1243 807 1286 horrendum
827 1254 877 1286 ac
893 1246 992 1287 visu
1010 1245 1212 1287 mirabile
1235 1243 1339 1287 ferri
1359 1262 1369 1285 ι

346 1315 545 1366 Namque
565 1312 657 1356 fore
672 1313 886 1356 illustrem
905 1313 1017 1356 fama
1032 1313 1129 1356 fatis
1138 1326 1219 1368 que
1235 1314 1453 1358 canebant

347 1372 517 1433 Ips‘am3
539 1381 616 1424 sed
637 1384 802 1436 populo
822 1394 1034 1434 magnum
1052 1383 1322 1438 portendere
1344 1384 1522 1427 bellum.

402 1454 460 1492 At
475 1463 568 1502 rex,
585 1452 798 1495 sollicitus
811 1453 1038 1500 monstris,
1054 1454 1232 1494 oracula
1247 1455 1401 1501 Fauni.

350 1521 537 1563 Fatidici
554 1523 781 1574 genitoris.
803 1523 907 1571 adit,
924 1523 1138 1575 lucosque
1158 1525 1241 1565 sub
1259 1526 1346 1566 alta

351 1593 550 1634 Consulit
569 1593 770 1635 Albunea
791 1611 801 1634 z
822 1604 1054 1635 nemorum
1077 1604 1172 1646 quae
1192 1594 1382 1636 maxima
1403 1606 1531 1637 sacro

354 1665 494 1705 Fonte
513 1668 657 1708 sonat.
674 1675 919 1718 saevamque
935 1663 1111 1705 exhalat
1128 1675 1266 1718 opaca
1284 1665 1533 1719 mephitim.

359 1733 476 1774 Hinc
493 1733 611 1775 ltalae
632 1737 800 1787 gentes,
828 1734 1063 1786 omnisque
1084 1735 1286 1776 OEnotria
1306 1734 1452 1782 tellus,

360 1806 413 1845 In
431 1802 573 1844 dubiis
592 1814 805 1858 responsa
829 1805 999 1857 petunt.
1019 1806 1115 1845 Huc
1133 1803 1251 1845 dona
1270 1804 1474 1847 sacerdos

362 1876 509 1923 Quum
525 1874 639 1919 tulit.
663 1876 707 1916 et
730 1884 940 1915 caesarum
961 1873 1113 1915 ovium
1134 1872 1214 1914 sub
1234 1878 1366 1916 nocte
1379 1874 1525 1916 silenti

367 1941 561 1984 Pellibus
582 1943 784 1984 incubuit
799 1943 964 1989 stratis,
987 1953 1256 1997 somnosque
1275 1943 1452 1996 petivit:

366 2010 499 2053 Multa
517 2010 661 2053 modis
688 2011 922 2053 simulacra
938 2010 1059 2053 vide-t
1075 2010 1305 2053 volitantia
1325 2012 1463 2060 miris,

367 2086 422 2125 Et
439 2086 583 2125 varias
605 2070 723 2125 audit
738 2094 885 2131 voces,
911 2082 1157 2136 fruiturque
1178 2082 1367 2126 deorum

368 2154 617 2207 colloquio,
640 2157 771 2207 atque
787 2155 886 2195 imis
907 2153 1162 2196 Acheronta
1178 2152 1352 2196 adfatur
1371 2154 1570 2196 Avernis.

371 2226 454 2266 Hic
474 2229 516 2267 et
533 2227 628 2266 tum
645 2227 773 2279 pater
791 2226 885 2279 ipse
905 2229 1061 2279 petens
1081 2235 1293 2277 responsa
1312 2226 1494 2267 Latinus

375 2297 562 2337 Centum
577 2294 795 2348 lanigeras
811 2295 1030 2336 mactabat
1048 2296 1130 2338 rite
1144 2294 1363 2341 bidentes,

376 2367 522 2416 Atque
544 2365 700 2406 harum
719 2363 897 2407 effultus
915 2367 1045 2418 tergo
1063 2366 1299 2418 stratisque
1316 2366 1489 2416 jacebat

382 2433 640 2476 Velleribus.
662 2434 811 2476 Subita
831 2446 882 2476 ex
902 2435 991 2476 alto
1007 2446 1092 2476 vox
1107 2433 1277 2476 reddita
1298 2434 1401 2476 luco
1421 2439 1485 2477 est
1504 2453 1512 2473 ι
