1917 2942
365 387 389 424 6
723 385 770 421 Ρ.
803 382 1036 422 VIRGlLII
1065 383 1316 423 MARONIS

373 469 564 528 Virqilii.
588 469 808 516 arborem
831 468 1037 523 dietam,
1062 482 1249 515 summa
1281 471 1598 530 gravidarum
1628 474 1673 517 et

365 547 574 593 setarum
594 547 831 607 religione
851 548 1140 593 celebratam
1161 547 1326 594 fuisse.

428 623 682 671 Cremonae
703 625 918 684 primum
940 625 1112 671 studiis
1138 625 1356 673 eruditus
1373 661 1385 680 ,
1417 640 1545 674 anno
1577 628 1677 673 fere

367 704 517 750 aetatis
540 703 727 750 decimo
751 706 882 750 sexto
902 704 1234 750 Mediolanum
1258 717 1306 752 se
1338 707 1567 759 eontulit,
1593 706 1677 752 ubi

368 780 558 828 virilem
574 785 739 841 togam
751 782 975 828 sumsisse.
996 781 1220 837 traditur,
1245 795 1299 830 eo
1315 784 1439 830 forte
1459 784 1563 844 ipso
1582 784 1676 838 die,

367 871 464 917 quo
485 859 743 906 Lucretius
759 859 858 906 vita
872 860 1077 906 decessit
1092 877 1104 914 3
1121 858 1258 918 quasi
1274 874 1385 907 eum
1396 863 1543 908 Musae
1560 864 1681 909 tanti

370 938 556 996 ingenii
595 938 825 984 heredem
853 939 951 997 jam
980 940 1081 982 tum
1106 939 1422 984 ostentarent.
1451 939 1594 985 Haud
1616 940 1681 986 ita

371 1017 523 1062 multo
544 1025 650 1074 post
673 1016 1188 1074 eoncessitNeapolim.
1212 1017 1401 1074 Quibus
1421 1018 1471 1063 in
1492 1017 1683 1077 oppidis

370 1095 545 1140 ardens
564 1095 783 1153 ingenito
805 1107 971 1141 amore
991 1107 1202 1151 poeseOS,
1219 1108 1274 1140 ae
1296 1097 1444 1142 totam
1461 1096 1562 1142 vim
1583 1095 1683 1153 ejus

371 1174 536 1220 animo
563 1174 874 1232 praeeipienS,
910 1172 1120 1219 adcinxit
1159 1186 1208 1219 se
1245 1175 1303 1219 ad
1338 1176 1528 1220 tantum
1561 1167 1683 1233 opus

372 1251 505 1298 omni
529 1264 707 1311 genere
732 1252 1025 1300 studiorum.
1049 1254 1162 1300 Non
1183 1253 1260 1300 ille
1283 1256 1465 1315 poesim
1498 1256 1564 1301 ita
1601 1256 1683 1301 ad-

374 1342 567 1389 gressus
591 1331 688 1385 est,
716 1334 768 1377 ut
791 1332 989 1378 inanem
1007 1333 1220 1379 sonitum
1246 1335 1394 1381 cieret
1408 1351 1421 1388 3
1448 1346 1546 1379 non
1575 1347 1685 1380 eru—

374 1407 486 1453 dam
506 1410 859 1456 adhueMusam
876 1414 922 1457 et
936 1411 1097 1468 primo
1122 1412 1296 1458 haustu
1320 1413 1481 1459 statim
1502 1413 1685 1458 ebriam

373 1488 425 1532 in
446 1488 740 1534 Parnassum
759 1489 924 1535 intulit
936 1507 950 1544 3
982 1489 1064 1535 sed
1100 1502 1250 1548 quum
1272 1503 1377 1536 eam
1399 1504 1499 1537 esse
1521 1490 1684 1537 existi-

376 1569 530 1614 maret
544 1569 698 1614 arlem
714 1604 727 1623 ‚
752 1582 897 1629 quam
916 1568 1131 1615 subsidio
1144 1568 1233 1614 niti
1248 1571 1493 1629 oporteret
1509 1570 1688 1616 artium

377 1647 702 1693 maximarum
716 1684 730 1702 ,
751 1648 804 1693 in
824 1648 994 1693 studiis
1010 1648 1341 1694 latenstandiu
1361 1648 1567 1694 excoluit
1589 1649 1689 1695 ani-

376 1741 540 1782 mum,
569 1729 724 1775 donee
751 1729 931 1775 bonam
952 1733 1145 1787 frugem
1168 1729 1372 1774 maturis
1387 1730 1489 1789 jam
1504 1729 1690 1775 viribus

373 1807 503 1853 ferre
524 1812 702 1866 posset.
726 1809 900 1867 Neque
930 1807 1088 1861 enim,
1114 1806 1541 1866 sagacissimorum
1565 1809 1691 1855 viro-

378 1898 489 1930 rum
506 1884 713 1943 J'udieio,
737 1886 944 1944 Virgilio
970 1884 1222 1931 tribuenda
1256 1888 1367 1930 sunt
1396 1885 1589 1931 iniiceia
1609 1884 1690 1931 illa

379 1965 646 2023 poematia,
678 1978 783 2024 quae
806 1966 953 2025 vulgo
992 1963 1430 2017 circumieruntur,
1464 1966 1693 2030 tanquam

379 2043 538 2103 prima
554 2045 837 2105 Virgilianae
860 2056 1056 2104 poeseos
1086 2042 1366 2090 rudimenta
1391 2043 1398 2069 ¹
1431 2059 1442 2087 :
1470 2043 1537 2088 ihi
1565 2045 1691 2089 furta

381 2121 580 2181 quidem
607 2135 662 2168 ex
683 2122 894 2183 Virgilio
913 2122 1124 2181 aliquot,
1152 2121 1235 2168 sed
1264 2123 1394 2168 nulla
1414 2123 1536 2167 tanti
1557 2123 1693 2180 inge-

381 2201 452 2247 nii
488 2200 781 2248 lineamenta
818 2200 1271 2261 deprehenduntur.
1305 2201 1525 2248 Primam
1542 2202 1696 2260 igitur

428 2354 442 2386 4
469 2351 640 2385 Culicem
655 2350 817 2392 indicat,
833 2353 947 2391 cirin,
966 2351 1151 2385 Morelum
1178 2352 1212 2384 et
1231 2349 1445 2390 catalectcu
1464 2357 1549 2393 quse
1565 2350 1696 2384 tamen

381 2411 513 2446 omnia
534 2410 642 2456 operi
674 2411 893 2457 virgiliano
911 2411 1086 2446 addenda
1113 2409 1335 2447 censuimus
1352 2438 1360 2452 ,
1379 2409 1549 2445 aliorum
1565 2414 1601 2444 et
1622 2409 1689 2443 in—

385 2473 526 2517 primis
546 2472 690 2516 Heyuii
705 2473 814 2509 ducis
828 2473 1053 2516 exemplum
1071 2470 1237 2516 sequuti,
1256 2471 1322 2515 qui
1338 2480 1379 2506 ea
1393 2480 1465 2506 nec
1482 2478 1697 2509 recensere.

385 2543 453 2574 uec
475 2533 770 2571 commentariis
788 2533 909 2570 etiam
932 2533 1128 2571 illustrare
1147 2533 1379 2577 dedignatus
1396 2535 1465 2570 est.
1484 2537 1519 2568 Α.
