<?xml version="1.0" encoding="UTF-8"?>
<!DOCTYPE html PUBLIC "-//W3C//DTD XHTML 1.0 Transitional//EN"
    "http://www.w3.org/TR/xhtml1/DTD/xhtml1-transitional.dtd">
<html xmlns="http://www.w3.org/1999/xhtml" xml:lang="en" lang="en">
 <head>
  <title>
</title>
<meta http-equiv="Content-Type" content="text/html;charset=utf-8" />
  <meta name='ocr-system' content='tesseract 3.04.00' />
  <meta name='ocr-capabilities' content='ocr_page ocr_carea ocr_par ocr_line ocrx_word'/>
</head>
<body>
  <div class='ocr_page' id='page_1' title='image "./publiivirgiliim01unkngoog/publiivirgiliim01unkngoog_0399.png"; bbox 0 0 1917 2942; ppageno 0'>
   <div class='ocr_carea' id='block_1_1' title="bbox 250 312 1552 353">
    <p class='ocr_par' dir='ltr' id='par_1_1' title="bbox 250 312 1552 353">
     <span class='ocr_line' id='line_1_1' title="bbox 250 312 1552 353; baseline 0.001 -1"><span class='ocrx_word' id='word_1_1' title='bbox 250 313 326 353; x_wconf 59' lang='lat'><strong>426</strong></span> <span class='ocrx_word' id='word_1_2' title='bbox 777 314 941 353; x_wconf 85' lang='lat' dir='ltr'>LIBER</span> <span class='ocrx_word' id='word_1_3' title='bbox 970 314 1005 352; x_wconf 86' lang='lat' dir='ltr'>X</span> <span class='ocrx_word' id='word_1_4' title='bbox 1016 342 1025 351; x_wconf 92' lang='lat'>.</span> <span class='ocrx_word' id='word_1_5' title='bbox 1477 312 1552 353; x_wconf 82' lang='lat'>:397</span> 
     </span>
    </p>
   </div>
   <div class='ocr_carea' id='block_1_2' title="bbox 249 397 1505 2474">
    <p class='ocr_par' dir='ltr' id='par_1_2' title="bbox 249 397 1505 2474">
     <span class='ocr_line' id='line_1_2' title="bbox 249 397 1261 452; baseline -0.005 -10"><span class='ocrx_word' id='word_1_6' title='bbox 249 403 306 442; x_wconf 75' lang='lat' dir='ltr'><strong>At</strong></span> <span class='ocrx_word' id='word_1_7' title='bbox 324 410 415 441; x_wconf 89' lang='lat' dir='ltr'><strong>non</strong></span> <span class='ocrx_word' id='word_1_8' title='bbox 433 398 552 442; x_wconf 81' lang='lat' dir='ltr'><strong>caede</strong></span> <span class='ocrx_word' id='word_1_9' title='bbox 572 397 657 440; x_wconf 85' lang='lat' dir='ltr'><strong>viri</strong></span> <span class='ocrx_word' id='word_1_10' title='bbox 681 399 800 440; x_wconf 87' lang='lat' dir='ltr'><strong>tanta</strong></span> <span class='ocrx_word' id='word_1_11' title='bbox 818 399 1053 452; x_wconf 86' lang='lat' dir='ltr'><strong>perterrita</strong></span> <span class='ocrx_word' id='word_1_12' title='bbox 1082 401 1261 446; x_wconf 77' lang='lat' dir='ltr'><strong>Lausus,</strong></span> 
     </span>
     <span class='ocr_line' id='line_1_3' title="bbox 253 467 1420 523; baseline -0.002 -12"><span class='ocrx_word' id='word_1_13' title='bbox 253 473 358 511; x_wconf 86' lang='lat' dir='ltr'><strong>Pars</strong></span> <span class='ocrx_word' id='word_1_14' title='bbox 377 470 532 521; x_wconf 83' lang='lat' dir='ltr'><strong>ingens</strong></span> <span class='ocrx_word' id='word_1_15' title='bbox 543 469 661 521; x_wconf 87' lang='lat' dir='ltr'><strong>belli,</strong></span> <span class='ocrx_word' id='word_1_16' title='bbox 678 469 784 511; x_wconf 84' lang='lat' dir='ltr'><strong>sinit</strong></span> <span class='ocrx_word' id='word_1_17' title='bbox 801 470 973 522; x_wconf 82' lang='lat' dir='ltr'>agmina</span> <span class='ocrx_word' id='word_1_18' title='bbox 990 485 1000 509; x_wconf 67' lang='grc' dir='ltr'><strong><em>ι</em></strong></span> <span class='ocrx_word' id='word_1_19' title='bbox 1019 469 1186 523; x_wconf 86' lang='lat' dir='ltr'><strong>primus</strong></span> <span class='ocrx_word' id='word_1_20' title='bbox 1204 467 1420 511; x_wconf 82' lang='lat' dir='ltr'>Abantem</span> 
     </span>
     <span class='ocr_line' id='line_1_4' title="bbox 254 537 1505 593; baseline -0.002 -13"><span class='ocrx_word' id='word_1_21' title='bbox 254 540 514 593; x_wconf 82' lang='lat' dir='ltr'>Oppositum</span> <span class='ocrx_word' id='word_1_22' title='bbox 532 539 760 586; x_wconf 73' lang='lat' dir='ltr'><strong>interimit,</strong></span> <span class='ocrx_word' id='word_1_23' title='bbox 777 550 937 592; x_wconf 71' lang='lat' dir='ltr'><strong>pugnae</strong></span> <span class='ocrx_word' id='word_1_24' title='bbox 954 537 1209 591; x_wconf 88' lang='lat' dir='ltr'><strong>nodumque</strong></span> <span class='ocrx_word' id='word_1_25' title='bbox 1232 548 1505 591; x_wconf 86' lang='lat' dir='ltr'><strong>moramque.</strong></span> 
     </span>
     <span class='ocr_line' id='line_1_5' title="bbox 250 608 1372 663; baseline -0.002 -13"><span class='ocrx_word' id='word_1_26' title='bbox 250 610 466 651; x_wconf 84' lang='lat' dir='ltr'><strong>Sternitur</strong></span> <span class='ocrx_word' id='word_1_27' title='bbox 486 609 683 652; x_wconf 66' lang='lat' dir='ltr'><strong>Arcadiae</strong></span> <span class='ocrx_word' id='word_1_28' title='bbox 706 609 876 663; x_wconf 85' lang='lat' dir='ltr'><strong>proles;</strong></span> <span class='ocrx_word' id='word_1_29' title='bbox 898 612 1161 651; x_wconf 89' lang='lat' dir='ltr'><strong>sternuntur</strong></span> <span class='ocrx_word' id='word_1_30' title='bbox 1177 608 1372 656; x_wconf 83' lang='lat' dir='ltr'><strong>Etrusci;</strong></span> 
     </span>
     <span class='ocr_line' id='line_1_6' title="bbox 254 678 1290 732; baseline 0.001 -13"><span class='ocrx_word' id='word_1_31' title='bbox 254 680 306 719; x_wconf 89' lang='lat' dir='ltr'><strong>Et</strong></span> <span class='ocrx_word' id='word_1_32' title='bbox 321 689 410 724; x_wconf 89' lang='lat' dir='ltr'><strong>vos,</strong></span> <span class='ocrx_word' id='word_1_33' title='bbox 434 688 460 718; x_wconf 94' lang='grc' dir='ltr'>ο</span> <span class='ocrx_word' id='word_1_34' title='bbox 481 679 624 720; x_wconf 83' lang='lat' dir='ltr'><strong>Graiis</strong></span> <span class='ocrx_word' id='word_1_35' title='bbox 641 678 876 732; x_wconf 75' lang='lat' dir='ltr'><strong>imperdita</strong></span> <span class='ocrx_word' id='word_1_36' title='bbox 894 689 1098 730; x_wconf 87' lang='lat' dir='ltr'><strong>corpora,</strong></span> <span class='ocrx_word' id='word_1_37' title='bbox 1117 679 1290 720; x_wconf 77' lang='lat' dir='ltr'><strong>Teucri.</strong></span> 
     </span>
     <span class='ocr_line' id='line_1_7' title="bbox 253 747 1434 802; baseline 0.002 -15"><span class='ocrx_word' id='word_1_38' title='bbox 253 748 437 799; x_wconf 82' lang='lat' dir='ltr'><strong>Agmina</strong></span> <span class='ocrx_word' id='word_1_39' title='bbox 455 752 731 791; x_wconf 75' lang='lat' dir='ltr'><strong>concurrunt</strong></span> <span class='ocrx_word' id='word_1_40' title='bbox 746 747 1019 802; x_wconf 89' lang='lat' dir='ltr'><strong>ducibusque</strong></span> <span class='ocrx_word' id='word_1_41' title='bbox 1041 751 1085 790; x_wconf 91' lang='lat' dir='ltr'><strong>et</strong></span> <span class='ocrx_word' id='word_1_42' title='bbox 1100 748 1263 791; x_wconf 89' lang='lat' dir='ltr'><strong>viribus</strong></span> <span class='ocrx_word' id='word_1_43' title='bbox 1284 748 1434 800; x_wconf 79' lang='lat' dir='ltr'><strong>aequis.</strong></span> 
     </span>
     <span class='ocr_line' id='line_1_8' title="bbox 254 818 1293 867; baseline 0 -8"><span class='ocrx_word' id='word_1_44' title='bbox 254 819 445 861; x_wconf 83' lang='lat' dir='ltr'><strong>Extremi</strong></span> <span class='ocrx_word' id='word_1_45' title='bbox 462 818 706 861; x_wconf 77' lang='lat' dir='ltr'>addensent</span> <span class='ocrx_word' id='word_1_46' title='bbox 722 819 835 860; x_wconf 85' lang='lat' dir='ltr'><strong>acies</strong></span> <span class='ocrx_word' id='word_1_47' title='bbox 851 835 861 867; x_wconf 90' lang='grc'>;</span> <span class='ocrx_word' id='word_1_48' title='bbox 881 829 964 860; x_wconf 85' lang='lat' dir='ltr'><strong>nec</strong></span> <span class='ocrx_word' id='word_1_49' title='bbox 980 818 1110 860; x_wconf 91' lang='lat' dir='ltr'><strong>turba</strong></span> <span class='ocrx_word' id='word_1_50' title='bbox 1125 819 1293 859; x_wconf 87' lang='lat' dir='ltr'><strong>moveri</strong></span> 
     </span>
     <span class='ocr_line' id='line_1_9' title="bbox 255 888 1418 941; baseline 0.003 -11"><span class='ocrx_word' id='word_1_51' title='bbox 255 889 353 931; x_wconf 84' lang='lat' dir='ltr'><strong>Tela</strong></span> <span class='ocrx_word' id='word_1_52' title='bbox 372 899 616 941; x_wconf 79' lang='lat' dir='ltr'><strong>manusque</strong></span> <span class='ocrx_word' id='word_1_53' title='bbox 635 888 753 929; x_wconf 87' lang='lat' dir='ltr'><strong>sinit.</strong></span> <span class='ocrx_word' id='word_1_54' title='bbox 775 888 887 931; x_wconf 89' lang='lat' dir='ltr'><strong>Hinc</strong></span> <span class='ocrx_word' id='word_1_55' title='bbox 906 889 1048 931; x_wconf 89' lang='lat' dir='ltr'><strong>Pallas</strong></span> <span class='ocrx_word' id='word_1_56' title='bbox 1066 889 1198 931; x_wconf 89' lang='lat' dir='ltr'><strong>instat</strong></span> <span class='ocrx_word' id='word_1_57' title='bbox 1218 893 1262 930; x_wconf 88' lang='lat' dir='ltr'><strong>et</strong></span> <span class='ocrx_word' id='word_1_58' title='bbox 1279 891 1418 941; x_wconf 84' lang='lat' dir='ltr'><strong>urget.</strong></span> 
     </span>
     <span class='ocr_line' id='line_1_10' title="bbox 256 955 1420 1012; baseline 0.003 -16"><span class='ocrx_word' id='word_1_59' title='bbox 256 955 368 997; x_wconf 87' lang='lat' dir='ltr'><strong>Hinc</strong></span> <span class='ocrx_word' id='word_1_60' title='bbox 380 958 535 998; x_wconf 88' lang='lat' dir='ltr'><strong>contra</strong></span> <span class='ocrx_word' id='word_1_61' title='bbox 560 959 734 1004; x_wconf 79' lang='lat' dir='ltr'><strong>Lausus,</strong></span> <span class='ocrx_word' id='word_1_62' title='bbox 760 968 840 999; x_wconf 88' lang='lat' dir='ltr'><strong>nec</strong></span> <span class='ocrx_word' id='word_1_63' title='bbox 858 957 1046 998; x_wconf 89' lang='lat' dir='ltr'><strong>multum</strong></span> <span class='ocrx_word' id='word_1_64' title='bbox 1062 957 1281 1012; x_wconf 81' lang='lat' dir='ltr'><strong>discrepat</strong></span> <span class='ocrx_word' id='word_1_65' title='bbox 1301 961 1420 1006; x_wconf 83' lang='lat' dir='ltr'><strong>aetas.</strong></span> 
     </span>
     <span class='ocr_line' id='line_1_11' title="bbox 255 1026 1244 1081; baseline 0 -14"><span class='ocrx_word' id='word_1_66' title='bbox 255 1026 426 1079; x_wconf 78' lang='lat' dir='ltr'><strong>Egregii</strong></span> <span class='ocrx_word' id='word_1_67' title='bbox 448 1026 597 1067; x_wconf 79' lang='lat' dir='ltr'><strong>formae</strong></span> <span class='ocrx_word' id='word_1_68' title='bbox 613 1042 624 1073; x_wconf 75' lang='lat'>3</span> <span class='ocrx_word' id='word_1_69' title='bbox 643 1027 720 1069; x_wconf 87' lang='lat' dir='ltr'><strong>sed</strong></span> <span class='ocrx_word' id='word_1_70' title='bbox 739 1026 831 1078; x_wconf 86' lang='lat' dir='ltr'><strong>quis</strong></span> <span class='ocrx_word' id='word_1_71' title='bbox 847 1031 1043 1069; x_wconf 84' lang='lat' dir='ltr'><strong>Fortuna</strong></span> <span class='ocrx_word' id='word_1_72' title='bbox 1061 1030 1244 1081; x_wconf 84' lang='lat' dir='ltr'><strong>negarat</strong></span> 
     </span>
     <span class='ocr_line' id='line_1_12' title="bbox 255 1097 1297 1150; baseline 0.004 -14"><span class='ocrx_word' id='word_1_73' title='bbox 255 1099 303 1136; x_wconf 89' lang='lat' dir='ltr'><strong>ln</strong></span> <span class='ocrx_word' id='word_1_74' title='bbox 324 1097 508 1147; x_wconf 84' lang='lat' dir='ltr'><strong>patriam</strong></span> <span class='ocrx_word' id='word_1_75' title='bbox 533 1097 711 1138; x_wconf 84' lang='lat' dir='ltr'><strong>reditus.</strong></span> <span class='ocrx_word' id='word_1_76' title='bbox 732 1098 849 1149; x_wconf 84' lang='lat' dir='ltr'><strong>ipsos</strong></span> <span class='ocrx_word' id='word_1_77' title='bbox 865 1107 1133 1139; x_wconf 88' lang='lat' dir='ltr'><strong>concurrere</strong></span> <span class='ocrx_word' id='word_1_78' title='bbox 1147 1109 1297 1150; x_wconf 83' lang='lat' dir='ltr'><strong>passus</strong></span> 
     </span>
     <span class='ocr_line' id='line_1_13' title="bbox 257 1166 1368 1221; baseline 0 -15"><span class='ocrx_word' id='word_1_79' title='bbox 257 1167 380 1207; x_wconf 89' lang='lat' dir='ltr'><strong>Haud</strong></span> <span class='ocrx_word' id='word_1_80' title='bbox 400 1170 546 1208; x_wconf 87' lang='lat' dir='ltr'><strong>tamen</strong></span> <span class='ocrx_word' id='word_1_81' title='bbox 566 1166 681 1207; x_wconf 89' lang='lat' dir='ltr'><strong>inter</strong></span> <span class='ocrx_word' id='word_1_82' title='bbox 702 1177 747 1208; x_wconf 90' lang='lat' dir='ltr'><strong>se</strong></span> <span class='ocrx_word' id='word_1_83' title='bbox 767 1166 913 1219; x_wconf 82' lang='lat' dir='ltr'><strong>magni</strong></span> <span class='ocrx_word' id='word_1_84' title='bbox 933 1169 1144 1220; x_wconf 82' lang='lat' dir='ltr'><strong>regnator</strong></span> <span class='ocrx_word' id='word_1_85' title='bbox 1161 1167 1335 1221; x_wconf 74' lang='lat' dir='ltr'><strong>Olympi</strong></span> <span class='ocrx_word' id='word_1_86' title='bbox 1358 1184 1368 1207; x_wconf 70' lang='grc' dir='ltr'><strong><em>ι</em></strong></span> 
     </span>
     <span class='ocr_line' id='line_1_14' title="bbox 258 1235 1327 1287; baseline 0.002 -12"><span class='ocrx_word' id='word_1_87' title='bbox 258 1237 358 1276; x_wconf 82' lang='lat' dir='ltr'><strong>Mox</strong></span> <span class='ocrx_word' id='word_1_88' title='bbox 380 1236 479 1276; x_wconf 85' lang='lat' dir='ltr'><strong>illos</strong></span> <span class='ocrx_word' id='word_1_89' title='bbox 497 1247 574 1277; x_wconf 90' lang='lat' dir='ltr'><strong>sua</strong></span> <span class='ocrx_word' id='word_1_90' title='bbox 594 1235 680 1277; x_wconf 81' lang='lat' dir='ltr'><strong>fata</strong></span> <span class='ocrx_word' id='word_1_91' title='bbox 699 1240 881 1277; x_wconf 87' lang='lat' dir='ltr'><strong>manent</strong></span> <span class='ocrx_word' id='word_1_92' title='bbox 896 1238 1063 1287; x_wconf 88' lang='lat' dir='ltr'><strong>majore</strong></span> <span class='ocrx_word' id='word_1_93' title='bbox 1081 1238 1159 1278; x_wconf 89' lang='lat' dir='ltr'><strong>sub</strong></span> <span class='ocrx_word' id='word_1_94' title='bbox 1179 1236 1327 1279; x_wconf 89' lang='lat' dir='ltr'><strong>hoste.</strong></span> 
     </span>
     <span class='ocr_line' id='line_1_15' title="bbox 311 1305 1344 1348; baseline 0.001 -3"><span class='ocrx_word' id='word_1_95' title='bbox 311 1306 480 1346; x_wconf 80' lang='lat' dir='ltr'><strong>Interea</strong></span> <span class='ocrx_word' id='word_1_96' title='bbox 493 1315 619 1346; x_wconf 78' lang='lat' dir='ltr'><strong>soror</strong></span> <span class='ocrx_word' id='word_1_97' title='bbox 635 1305 743 1346; x_wconf 79' lang='lat' dir='ltr'><strong>alma</strong></span> <span class='ocrx_word' id='word_1_98' title='bbox 761 1308 911 1347; x_wconf 90' lang='lat' dir='ltr'><strong>monet</strong></span> <span class='ocrx_word' id='word_1_99' title='bbox 926 1316 1188 1348; x_wconf 80' lang='lat' dir='ltr'><strong>succurrere</strong></span> <span class='ocrx_word' id='word_1_100' title='bbox 1206 1309 1344 1348; x_wconf 83' lang='lat' dir='ltr'><strong>Lauso</strong></span> 
     </span>
     <span class='ocr_line' id='line_1_16' title="bbox 257 1374 1450 1429; baseline 0.002 -14"><span class='ocrx_word' id='word_1_101' title='bbox 257 1378 464 1420; x_wconf 81' lang='lat' dir='ltr'><strong>Turnum,</strong></span> <span class='ocrx_word' id='word_1_102' title='bbox 487 1374 560 1427; x_wconf 83' lang='lat' dir='ltr'><strong>qui</strong></span> <span class='ocrx_word' id='word_1_103' title='bbox 580 1374 750 1417; x_wconf 87' lang='lat' dir='ltr'><strong>volucri</strong></span> <span class='ocrx_word' id='word_1_104' title='bbox 769 1386 903 1416; x_wconf 87' lang='lat' dir='ltr'><strong>curru</strong></span> <span class='ocrx_word' id='word_1_105' title='bbox 923 1375 1120 1418; x_wconf 90' lang='lat' dir='ltr'><strong>medium</strong></span> <span class='ocrx_word' id='word_1_106' title='bbox 1136 1380 1255 1417; x_wconf 88' lang='lat' dir='ltr'><strong>secat</strong></span> <span class='ocrx_word' id='word_1_107' title='bbox 1272 1387 1450 1429; x_wconf 84' lang='lat' dir='ltr'><strong>agmen.</strong></span> 
     </span>
     <span class='ocr_line' id='line_1_17' title="bbox 260 1443 1307 1499; baseline 0.003 -15"><span class='ocrx_word' id='word_1_108' title='bbox 260 1443 436 1485; x_wconf 89' lang='lat' dir='ltr'><strong>Utvidit</strong></span> <span class='ocrx_word' id='word_1_109' title='bbox 454 1445 595 1486; x_wconf 88' lang='lat' dir='ltr'><strong>socios</strong></span> <span class='ocrx_word' id='word_1_110' title='bbox 614 1460 622 1483; x_wconf 91' lang='lat'><strong>:</strong></span> <span class='ocrx_word' id='word_1_111' title='bbox 647 1459 663 1481; x_wconf 78' lang='grc' dir='ltr'><strong>α</strong></span> <span class='ocrx_word' id='word_1_112' title='bbox 686 1448 874 1495; x_wconf 86' lang='lat' dir='ltr'><strong>Tempus</strong></span> <span class='ocrx_word' id='word_1_113' title='bbox 894 1445 1100 1487; x_wconf 78' lang='lat' dir='ltr'><strong>desistere</strong></span> <span class='ocrx_word' id='word_1_114' title='bbox 1120 1456 1307 1499; x_wconf 75' lang='lat' dir='ltr'><strong>pugnae3</strong></span> 
     </span>
     <span class='ocr_line' id='line_1_18' title="bbox 259 1511 1309 1565; baseline 0.004 -12"><span class='ocrx_word' id='word_1_115' title='bbox 259 1513 383 1553; x_wconf 85' lang='lat' dir='ltr'><strong>Solus</strong></span> <span class='ocrx_word' id='word_1_116' title='bbox 396 1522 478 1565; x_wconf 78' lang='lat' dir='ltr'><strong>ego</strong></span> <span class='ocrx_word' id='word_1_117' title='bbox 495 1512 540 1553; x_wconf 88' lang='lat' dir='ltr'><strong>in</strong></span> <span class='ocrx_word' id='word_1_118' title='bbox 555 1512 752 1554; x_wconf 80' lang='lat' dir='ltr'><strong>Pallanta</strong></span> <span class='ocrx_word' id='word_1_119' title='bbox 771 1511 914 1560; x_wconf 75' lang='lat' dir='ltr'><strong>feror3</strong></span> <span class='ocrx_word' id='word_1_120' title='bbox 936 1515 1018 1556; x_wconf 88' lang='lat' dir='ltr'><strong>soli</strong></span> <span class='ocrx_word' id='word_1_121' title='bbox 1037 1514 1143 1554; x_wconf 88' lang='lat' dir='ltr'><strong>mihi</strong></span> <span class='ocrx_word' id='word_1_122' title='bbox 1164 1514 1309 1557; x_wconf 88' lang='lat' dir='ltr'><strong>Pallas</strong></span> 
     </span>
     <span class='ocr_line' id='line_1_19' title="bbox 260 1582 1474 1636; baseline 0.002 -15"><span class='ocrx_word' id='word_1_123' title='bbox 260 1582 474 1628; x_wconf 86' lang='lat' dir='ltr'><strong>Debetur3</strong></span> <span class='ocrx_word' id='word_1_124' title='bbox 497 1593 705 1636; x_wconf 84' lang='lat' dir='ltr'><strong>cuperem</strong></span> <span class='ocrx_word' id='word_1_125' title='bbox 726 1583 819 1634; x_wconf 84' lang='lat' dir='ltr'><strong>ipse</strong></span> <span class='ocrx_word' id='word_1_126' title='bbox 836 1593 992 1635; x_wconf 81' lang='lat' dir='ltr'><strong>parens</strong></span> <span class='ocrx_word' id='word_1_127' title='bbox 1013 1587 1233 1636; x_wconf 86' lang='lat' dir='ltr'><strong>spectator</strong></span> <span class='ocrx_word' id='word_1_128' title='bbox 1253 1583 1433 1627; x_wconf 88' lang='lat' dir='ltr'><strong>adesset.</strong></span> <span class='ocrx_word' id='word_1_129' title='bbox 1456 1601 1474 1624; x_wconf 78' lang='grc'>»</span> 
     </span>
     <span class='ocr_line' id='line_1_20' title="bbox 313 1652 1296 1706; baseline 0.003 -13"><span class='ocrx_word' id='word_1_130' title='bbox 313 1655 415 1693; x_wconf 78' lang='lat' dir='ltr'><strong>Haee</strong></span> <span class='ocrx_word' id='word_1_131' title='bbox 432 1653 513 1699; x_wconf 87' lang='lat' dir='ltr'><strong>ait,</strong></span> <span class='ocrx_word' id='word_1_132' title='bbox 532 1655 575 1694; x_wconf 88' lang='lat' dir='ltr'><strong>et</strong></span> <span class='ocrx_word' id='word_1_133' title='bbox 591 1652 696 1694; x_wconf 88' lang='lat' dir='ltr'><strong>socii</strong></span> <span class='ocrx_word' id='word_1_134' title='bbox 718 1655 944 1694; x_wconf 88' lang='lat' dir='ltr'><strong>cesserunt</strong></span> <span class='ocrx_word' id='word_1_135' title='bbox 961 1663 1141 1706; x_wconf 79' lang='lat' dir='ltr'><strong>aequore</strong></span> <span class='ocrx_word' id='word_1_136' title='bbox 1154 1655 1296 1705; x_wconf 83' lang='lat' dir='ltr'><strong>jusso.</strong></span> 
     </span>
     <span class='ocr_line' id='line_1_21' title="bbox 261 1723 1426 1780; baseline 0.004 -17"><span class='ocrx_word' id='word_1_137' title='bbox 261 1726 332 1767; x_wconf 76' lang='lat' dir='ltr'><strong>At,</strong></span> <span class='ocrx_word' id='word_1_138' title='bbox 350 1723 558 1764; x_wconf 72' lang='lat' dir='ltr'><strong>Rutulum</strong></span> <span class='ocrx_word' id='word_1_139' title='bbox 576 1723 789 1770; x_wconf 79' lang='lat' dir='ltr'><strong>abscessu,</strong></span> <span class='ocrx_word' id='word_1_140' title='bbox 802 1724 979 1775; x_wconf 80' lang='lat' dir='ltr'><strong>juvenis</strong></span> <span class='ocrx_word' id='word_1_141' title='bbox 996 1728 1090 1765; x_wconf 84' lang='lat' dir='ltr'><strong>tum</strong></span> <span class='ocrx_word' id='word_1_142' title='bbox 1101 1726 1224 1776; x_wconf 86' lang='lat' dir='ltr'><strong>jussa</strong></span> <span class='ocrx_word' id='word_1_143' title='bbox 1239 1725 1426 1780; x_wconf 82' lang='lat' dir='ltr'><strong>superba</strong></span> 
     </span>
     <span class='ocr_line' id='line_1_22' title="bbox 261 1791 1402 1846; baseline 0.001 -12"><span class='ocrx_word' id='word_1_144' title='bbox 261 1793 454 1838; x_wconf 80' lang='lat' dir='ltr'><strong>Miratus,</strong></span> <span class='ocrx_word' id='word_1_145' title='bbox 473 1793 618 1846; x_wconf 87' lang='lat' dir='ltr'><strong>stupet</strong></span> <span class='ocrx_word' id='word_1_146' title='bbox 635 1791 681 1832; x_wconf 90' lang='lat' dir='ltr'><strong>in</strong></span> <span class='ocrx_word' id='word_1_147' title='bbox 699 1795 861 1839; x_wconf 81' lang='lat' dir='ltr'><strong>Turno,</strong></span> <span class='ocrx_word' id='word_1_148' title='bbox 880 1802 1125 1846; x_wconf 81' lang='lat' dir='ltr'><strong>corpusque</strong></span> <span class='ocrx_word' id='word_1_149' title='bbox 1147 1805 1228 1846; x_wconf 84' lang='lat' dir='ltr'><strong>per</strong></span> <span class='ocrx_word' id='word_1_150' title='bbox 1247 1795 1402 1843; x_wconf 68' lang='lat' dir='ltr'><strong>ingens</strong></span> 
     </span>
     <span class='ocr_line' id='line_1_23' title="bbox 261 1861 1425 1917; baseline 0.003 -15"><span class='ocrx_word' id='word_1_151' title='bbox 261 1862 447 1903; x_wconf 85' lang='lat' dir='ltr'><strong>Lumina</strong></span> <span class='ocrx_word' id='word_1_152' title='bbox 460 1861 615 1909; x_wconf 83' lang='lat' dir='ltr'><strong>volvit,</strong></span> <span class='ocrx_word' id='word_1_153' title='bbox 637 1862 816 1915; x_wconf 86' lang='lat' dir='ltr'><strong>obitque</strong></span> <span class='ocrx_word' id='word_1_154' title='bbox 841 1863 951 1904; x_wconf 87' lang='lat' dir='ltr'><strong>truci</strong></span> <span class='ocrx_word' id='word_1_155' title='bbox 971 1864 1126 1917; x_wconf 88' lang='lat' dir='ltr'><strong>procul</strong></span> <span class='ocrx_word' id='word_1_156' title='bbox 1145 1865 1294 1907; x_wconf 89' lang='lat' dir='ltr'><strong>omnia</strong></span> <span class='ocrx_word' id='word_1_157' title='bbox 1308 1865 1400 1907; x_wconf 86' lang='lat' dir='ltr'><strong>visu</strong></span> <span class='ocrx_word' id='word_1_158' title='bbox 1415 1880 1425 1912; x_wconf 87' lang='lat'><strong>;</strong></span> 
     </span>
     <span class='ocr_line' id='line_1_24' title="bbox 261 1931 1242 1985; baseline 0 -12"><span class='ocrx_word' id='word_1_159' title='bbox 261 1931 436 1975; x_wconf 88' lang='lat' dir='ltr'><strong>Talibus</strong></span> <span class='ocrx_word' id='word_1_160' title='bbox 456 1936 500 1975; x_wconf 87' lang='lat' dir='ltr'><strong>et</strong></span> <span class='ocrx_word' id='word_1_161' title='bbox 520 1932 647 1975; x_wconf 90' lang='lat' dir='ltr'><strong>dictis</strong></span> <span class='ocrx_word' id='word_1_162' title='bbox 670 1934 704 1973; x_wconf 91' lang='lat' dir='ltr'><strong>it</strong></span> <span class='ocrx_word' id='word_1_163' title='bbox 721 1936 878 1975; x_wconf 81' lang='lat' dir='ltr'><strong>contra</strong></span> <span class='ocrx_word' id='word_1_164' title='bbox 898 1932 1016 1975; x_wconf 87' lang='lat' dir='ltr'><strong>dicta</strong></span> <span class='ocrx_word' id='word_1_165' title='bbox 1035 1935 1210 1985; x_wconf 79' lang='lat' dir='ltr'><strong>tyranni</strong></span> <span class='ocrx_word' id='word_1_166' title='bbox 1233 1950 1242 1974; x_wconf 79' lang='lat' dir='ltr'><strong><em>z</em></strong></span> 
     </span>
     <span class='ocr_line' id='line_1_25' title="bbox 318 2002 1381 2058; baseline 0.005 -14"><span class='ocrx_word' id='word_1_167' title='bbox 318 2019 332 2040; x_wconf 73' lang='lat' dir='ltr'><strong>a</strong></span> <span class='ocrx_word' id='word_1_168' title='bbox 351 2003 599 2058; x_wconf 85' lang='lat' dir='ltr'><strong>Autspoliis</strong></span> <span class='ocrx_word' id='word_1_169' title='bbox 618 2014 699 2055; x_wconf 80' lang='lat' dir='ltr'><strong>ego</strong></span> <span class='ocrx_word' id='word_1_170' title='bbox 714 2005 803 2055; x_wconf 90' lang='lat' dir='ltr'><strong>jam</strong></span> <span class='ocrx_word' id='word_1_171' title='bbox 825 2002 957 2055; x_wconf 78' lang='lat' dir='ltr'><strong>raptis</strong></span> <span class='ocrx_word' id='word_1_172' title='bbox 976 2002 1189 2045; x_wconf 88' lang='lat' dir='ltr'><strong>laudabor</strong></span> <span class='ocrx_word' id='word_1_173' title='bbox 1209 2003 1381 2056; x_wconf 75' lang='lat' dir='ltr'><strong>opimis.</strong></span> 
     </span>
     <span class='ocr_line' id='line_1_26' title="bbox 265 2071 1403 2126; baseline -0.001 -13"><span class='ocrx_word' id='word_1_174' title='bbox 265 2076 353 2113; x_wconf 88' lang='lat' dir='ltr'><strong>Aut</strong></span> <span class='ocrx_word' id='word_1_175' title='bbox 368 2073 458 2114; x_wconf 86' lang='lat' dir='ltr'><strong>leto</strong></span> <span class='ocrx_word' id='word_1_176' title='bbox 481 2071 637 2125; x_wconf 77' lang='lat' dir='ltr'><strong>insigni</strong></span> <span class='ocrx_word' id='word_1_177' title='bbox 663 2089 672 2112; x_wconf 72' lang='grc' dir='ltr'><strong><em>ι</em></strong></span> <span class='ocrx_word' id='word_1_178' title='bbox 692 2073 797 2115; x_wconf 86' lang='lat' dir='ltr'><strong>sorti</strong></span> <span class='ocrx_word' id='word_1_179' title='bbox 818 2074 943 2126; x_wconf 86' lang='lat' dir='ltr'><strong>pater</strong></span> <span class='ocrx_word' id='word_1_180' title='bbox 960 2084 1110 2125; x_wconf 79' lang='lat' dir='ltr'><strong>aequus</strong></span> <span class='ocrx_word' id='word_1_181' title='bbox 1131 2072 1304 2126; x_wconf 84' lang='lat' dir='ltr'><strong>utrique</strong></span> <span class='ocrx_word' id='word_1_182' title='bbox 1324 2075 1403 2115; x_wconf 86' lang='lat' dir='ltr'><strong>est.</strong></span> 
     </span>
     <span class='ocr_line' id='line_1_27' title="bbox 262 2141 1427 2196; baseline -0.001 -14"><span class='ocrx_word' id='word_1_183' title='bbox 262 2141 378 2185; x_wconf 85' lang='lat' dir='ltr'><strong>Tolle</strong></span> <span class='ocrx_word' id='word_1_184' title='bbox 393 2142 545 2183; x_wconf 88' lang='lat' dir='ltr'><strong>minas.</strong></span> <span class='ocrx_word' id='word_1_185' title='bbox 568 2158 582 2178; x_wconf 75' lang='lat' dir='ltr'>n</span> <span class='ocrx_word' id='word_1_186' title='bbox 602 2144 746 2189; x_wconf 86' lang='lat' dir='ltr'><strong>Fatus,</strong></span> <span class='ocrx_word' id='word_1_187' title='bbox 770 2142 961 2184; x_wconf 81' lang='lat' dir='ltr'><strong>medium</strong></span> <span class='ocrx_word' id='word_1_188' title='bbox 977 2142 1179 2196; x_wconf 85' lang='lat' dir='ltr'><strong>procedit</strong></span> <span class='ocrx_word' id='word_1_189' title='bbox 1197 2141 1244 2182; x_wconf 88' lang='lat' dir='ltr'><strong>in</strong></span> <span class='ocrx_word' id='word_1_190' title='bbox 1261 2153 1427 2195; x_wconf 78' lang='lat' dir='ltr'><strong>aequor.</strong></span> 
     </span>
     <span class='ocr_line' id='line_1_28' title="bbox 263 2210 1359 2265; baseline -0.003 -12"><span class='ocrx_word' id='word_1_191' title='bbox 263 2211 462 2264; x_wconf 79' lang='lat' dir='ltr'><strong>Frigidus</strong></span> <span class='ocrx_word' id='word_1_192' title='bbox 481 2210 720 2254; x_wconf 83' lang='lat' dir='ltr'><strong>Arcadibus</strong></span> <span class='ocrx_word' id='word_1_193' title='bbox 744 2212 832 2252; x_wconf 87' lang='lat' dir='ltr'><strong>coit</strong></span> <span class='ocrx_word' id='word_1_194' title='bbox 851 2213 892 2252; x_wconf 90' lang='lat' dir='ltr'><strong>in</strong></span> <span class='ocrx_word' id='word_1_195' title='bbox 911 2210 1153 2265; x_wconf 76' lang='lat' dir='ltr'><strong>praecordia</strong></span> <span class='ocrx_word' id='word_1_196' title='bbox 1165 2212 1359 2264; x_wconf 81' lang='lat' dir='ltr'><strong>sanguis.</strong></span> 
     </span>
     <span class='ocr_line' id='line_1_29' title="bbox 267 2278 1274 2334; baseline 0.002 -14"><span class='ocrx_word' id='word_1_197' title='bbox 267 2281 448 2322; x_wconf 82' lang='lat' dir='ltr'><strong>Desiluit</strong></span> <span class='ocrx_word' id='word_1_198' title='bbox 463 2284 636 2322; x_wconf 88' lang='lat' dir='ltr'><strong>Turnus</strong></span> <span class='ocrx_word' id='word_1_199' title='bbox 650 2280 832 2332; x_wconf 78' lang='lat' dir='ltr'><strong>bijugis3</strong></span> <span class='ocrx_word' id='word_1_200' title='bbox 856 2278 988 2334; x_wconf 88' lang='lat' dir='ltr'><strong>pedes</strong></span> <span class='ocrx_word' id='word_1_201' title='bbox 1009 2279 1191 2332; x_wconf 86' lang='lat' dir='ltr'><strong>adparat</strong></span> <span class='ocrx_word' id='word_1_202' title='bbox 1214 2280 1274 2322; x_wconf 87' lang='lat' dir='ltr'><strong>ire</strong></span> 
     </span>
     <span class='ocr_line' id='line_1_30' title="bbox 267 2347 1470 2405; baseline -0.001 -16"><span class='ocrx_word' id='word_1_203' title='bbox 267 2350 519 2391; x_wconf 83' lang='lat' dir='ltr'><strong>Comminus</strong></span> <span class='ocrx_word' id='word_1_204' title='bbox 542 2367 552 2390; x_wconf 68' lang='grc' dir='ltr'>ε</span> <span class='ocrx_word' id='word_1_205' title='bbox 572 2352 706 2402; x_wconf 86' lang='lat' dir='ltr'><strong>utque</strong></span> <span class='ocrx_word' id='word_1_206' title='bbox 729 2350 812 2395; x_wconf 88' lang='lat' dir='ltr'><strong>leo,</strong></span> <span class='ocrx_word' id='word_1_207' title='bbox 836 2349 1010 2405; x_wconf 81' lang='lat' dir='ltr'><strong>specula</strong></span> <span class='ocrx_word' id='word_1_208' title='bbox 1034 2361 1170 2402; x_wconf 82' lang='lat' dir='ltr'><strong>quum</strong></span> <span class='ocrx_word' id='word_1_209' title='bbox 1185 2348 1296 2391; x_wconf 82' lang='lat' dir='ltr'><strong>vidit</strong></span> <span class='ocrx_word' id='word_1_210' title='bbox 1316 2347 1368 2390; x_wconf 84' lang='lat' dir='ltr'><strong>ab</strong></span> <span class='ocrx_word' id='word_1_211' title='bbox 1386 2348 1470 2389; x_wconf 90' lang='lat' dir='ltr'><strong>alta</strong></span> 
     </span>
     <span class='ocr_line' id='line_1_31' title="bbox 267 2418 1489 2474; baseline 0.002 -17"><span class='ocrx_word' id='word_1_212' title='bbox 267 2419 390 2461; x_wconf 86' lang='lat' dir='ltr'><strong>Stare</strong></span> <span class='ocrx_word' id='word_1_213' title='bbox 412 2419 563 2473; x_wconf 83' lang='lat' dir='ltr'><strong>procul</strong></span> <span class='ocrx_word' id='word_1_214' title='bbox 580 2419 743 2473; x_wconf 85' lang='lat' dir='ltr'><strong>campis</strong></span> <span class='ocrx_word' id='word_1_215' title='bbox 759 2419 1044 2462; x_wconf 83' lang='lat' dir='ltr'><strong>meditantem</strong></span> <span class='ocrx_word' id='word_1_216' title='bbox 1066 2418 1111 2460; x_wconf 88' lang='lat' dir='ltr'><strong>in</strong></span> <span class='ocrx_word' id='word_1_217' title='bbox 1129 2418 1279 2474; x_wconf 78' lang='lat' dir='ltr'><strong>praelia</strong></span> <span class='ocrx_word' id='word_1_218' title='bbox 1302 2421 1489 2465; x_wconf 71' lang='lat' dir='ltr'><strong>taurum,</strong></span> 
     </span>
    </p>
   </div>
  </div>
 </body>
</html>
