1917 2942
769 311 916 350 VITA.
1406 347 1408 351 ,
1455 312 1478 349 Ω

241 400 408 457 Neque
431 400 580 444 solum
619 397 955 443 Romanorum
984 395 1170 443 animos
1197 400 1481 444 converteri-

179 477 392 524 decrevit
411 475 467 522 ad
499 488 717 523 amorem
739 474 975 535 principis
991 508 1003 527 ,
1028 474 1111 521 sed
1132 475 1188 522 iis
1211 476 1359 522 etiam
1377 476 1479 535 ejus

183 555 345 613 pectus
367 555 584 600 imbuere
615 553 798 600 studuit
821 553 1102 606 virtutibus,
1129 567 1235 612 quae
1266 567 1374 601 enm
1398 557 1481 614 qui

180 633 387 691 imperat
415 633 511 678 suis
544 645 688 691 quam
712 631 1102 690 adceptissimurn
1126 633 1361 680 efficiunt.
1390 637 1481 681 Au-

180 713 346 770 gustus
367 712 415 757 in
438 712 619 757 excelso
655 722 713 757 ac
743 710 982 770 praecipiti
1021 711 1229 769 positae,
1264 712 1379 758 hinc
1406 725 1478 760 se—

180 793 287 848 ptus
309 789 594 843 odiis,illinc
616 789 990 842 adulationibus,
1008 789 1137 836 inter
1155 790 1368 838 infensos
1389 792 1477 838 sibi

179 870 225 916 et
244 868 474 928 abjectos,
500 880 674 927 anceps
695 868 857 913 adibat
877 869 1150 927 periculum
1164 903 1175 921 ,
1200 883 1260 916 ne
1280 883 1477 929 exaspe-

178 947 313 1002 ratus
334 945 505 993 abillis
533 947 592 993 ad
625 947 879 998 saevitiam,
919 947 981 992 ab
1019 947 1093 993 his
1125 952 1386 1009 corruptus
1415 951 1475 996 ad

178 1025 452 1083 superbiam
469 1024 736 1071 efferretur.
755 1025 870 1071 I-Iaec
885 1029 1088 1084 utraque
1106 1027 1248 1084 pestis
1265 1041 1325 1073 ne
1340 1029 1451 1087 prin
1466 1055 1477 1062 -

176 1105 273 1162 cipi
300 1105 520 1157 noceret,
541 1117 595 1150 ea
623 1104 867 1164 praecipuc
888 1105 1029 1159 vitia,
1059 1118 1167 1164 quae
1190 1118 1324 1153 novae
1348 1120 1471 1166 prae—

175 1183 340 1229 sertim
371 1183 597 1241 potentiae
619 1183 951 1230 adh;eresccre
987 1185 1169 1239 solent,
1213 1186 1470 1233 eircumci-

175 1261 288 1307 dere
317 1261 549 1320 Virgilius
586 1261 843 1321 adgressus
873 1264 944 1308 est
967 1278 978 1305 z
1002 1263 1330 1322 arrogantiam
1349 1300 1362 1318 ,
1399 1266 1472 1311 sui

175 1341 482 1398 Deorumque
515 1339 833 1392 oblivionem,
878 1340 985 1386 odia
1026 1341 1237 1399 partium
1254 1376 1265 1395 ,
1309 1355 1474 1389 acrem

173 1420 467 1479 injuriarum
483 1418 784 1465 memoriam.

107 1487 110 1489 “
235 1499 399 1556 ltaque
419 1497 557 1555 poeta
578 1509 676 1543 non
695 1497 833 1544 famae
853 1499 1008 1544 solum
1030 1511 1151 1553 suae,
1177 1500 1257 1546 sed
1281 1502 1327 1547 et
1349 1502 1467 1549 οἰνί-

174 1575 263 1621 bus
284 1577 330 1622 et
350 1573 561 1634 principi
590 1575 832 1628 serviens,
863 1578 991 1622 lianc
1012 1577 1242 1625 universo
1263 1582 1472 1639 poemati

176 1653 375 1712 subjecit
394 1653 681 1701 sententiam
703 1671 714 1699 :
742 1654 869 1701 Deos
889 1668 1060 1702 eorum
1080 1668 1269 1715 semper
1288 1660 1474 1706 incolu-

174 1732 330 1778 mitati
349 1732 622 1791 invigilare,
645 1744 765 1790 quos
777 1733 836 1778 ad
849 1745 957 1792 mag
967 1745 1026 1779 na
1048 1746 1209 1780 rerum
1232 1734 1371 1783 initia
1387 1738 1468 1785 de-

174 1811 417 1870 legerunt3
443 1812 492 1856 ut
514 1810 724 1856 infensos
746 1810 958 1870 principi
979 1811 1167 1857 animos
1187 1818 1430 1862 coerceret
1456 1834 1467 1861 ε

175 1889 391 1947 tyrannis
415 1900 556 1942 vero,
596 1889 643 1935 et
672 1888 731 1934 iis
762 1889 847 1947 qui
868 1889 1182 1937 inclementer
1199 1891 1467 1952 imperant,

168 1967 390 2021 exitiosos
412 1968 693 2026 plerumque
720 1965 872 2013 exitus
888 1967 1196 2026 impendere3
1224 1972 1276 2016 ut
1305 1972 1466 2033 Augu-

129 2101 131 2103 *
171 2045 298 2090 stum
320 2044 551 2091 Romanis
577 2044 861 2104 placabilem
882 2045 929 2089 et
952 2043 1001 2089 in
1025 2044 1214 2093 infinita
1230 2049 1467 2106 potestate

173 2122 245 2167 sni
265 2123 510 2181 potentem
526 2123 792 2181 praestaret.

231 2203 347 2248 I-Iaec
366 2203 525 2248 autem
544 2201 830 2249 documenta
841 2216 936 2261 quo
952 2203 1172 2252 blandius
1189 2205 1468 2265 influerent,

174 2280 384 2327 tabulam
404 2281 468 2327 ita
491 2279 625 2327 tinxit
640 2293 802 2333 suam,
828 2282 881 2328 ut
902 2295 1016 2328 cuni
1038 2284 1237 2332 consilio
1257 2301 1342 2335 sno
1366 2303 1468 2337 ma-

174 2359 295 2406 xime
318 2361 625 2407 consentiret.
647 2362 775 2408 Nam
791 2362 837 2406 et
860 2360 996 2420 pium
1015 2362 1109 2408 sibi
1128 2363 1273 2414 heroa
1294 2380 1471 2430 propo-

176 2438 267 2491 nit,
300 2439 378 2486 cui
400 2453 509 2486 cum
532 2440 744 2499 Augusto
772 2442 934 2489 omnia
957 2444 1297 2501 convenii·ent;
1321 2450 1367 2494 et
1389 2464 1467 2497 eos

1292 2543 1317 2583 Z
