1917 2942
399 350 477 390 1186
948 350 1148 390 CULEX.
1619 351 1685 389 201

448 436 473 477 J
479 448 549 478 am
565 437 705 490 quatit
722 438 765 478 et
783 435 952 489 bijuges
967 437 1111 479 oriens
1132 437 1273 478 Erebo
1292 436 1353 478 cit
1368 447 1502 490 equos
1523 436 1641 482 Nox,

399 509 455 548 Et
470 508 596 560 piger
612 511 764 548 aurato
784 506 981 559 procedit
998 511 1164 560 Vesper
1181 506 1234 547 ab
1255 508 1350 547 OEta
1370 523 1379 547 ι

400 578 561 626 Quum,
584 587 713 629 grege
729 575 971 629 compulso,
992 581 1154 631 pastor,
1174 574 1497 630 duplicantibus
1513 577 1694 628 umbris,

398 645 551 697 Vadit,
575 646 679 688 etin
697 645 831 688 fessos
846 646 1042 700 requiem
1065 645 1169 688 dare
1188 647 1416 698 comparat
1438 649 1567 687 artus.

400 719 537 768 CuJus
556 722 604 758 ut
624 717 807 758 intravit
825 716 967 759 levior
986 728 1065 771 per
1084 727 1271 770 corpora
1286 727 1489 763 somnus,

398 786 709 841 Languidaque
731 786 870 829 effuso
885 787 1143 839 requierunt
1157 787 1353 829 membra
1371 797 1543 841 sopore,

397 858 576 911 Effigies
596 859 651 901 ad
670 871 771 901 eum
792 859 949 901 Culicis
967 859 1168 907 devenit,
1197 862 1241 901 et
1258 858 1323 900 illi

399 930 555 971 Tristis
572 929 624 970 ab
640 932 804 972 eventu
826 929 990 972 cecinit
1007 929 1209 971 convicia
1232 929 1402 970 mortis.

399 1000 546 1053 lnquit
570 1015 579 1038 :
603 1015 618 1036 α
640 998 756 1050 Quid
772 999 973 1051 meritus,
994 998 1049 1041 ad
1063 1010 1159 1054 quae
1181 999 1348 1041 delatus
1368 998 1547 1042 acerbas

401 1074 550 1122 Cogor
569 1069 691 1113 adire
707 1069 853 1112 vices?
870 1072 945 1111 tua
965 1067 1069 1109 dum
1090 1067 1196 1109 mibi
1215 1068 1359 1109 carior
1378 1068 1470 1122 ipsa

402 1141 503 1182 Vita
520 1138 602 1181 fuit
619 1139 733 1186 vita,
754 1138 906 1190 rapior
924 1149 1004 1192 per
1021 1137 1171 1179 inania
1187 1135 1348 1179 ventis‘

403 1214 467 1252 'su
487 1209 632 1251 lentus
648 1209 815 1251 refoves
827 1206 1027 1261 jucunda
1044 1206 1240 1249 membra
1260 1208 1424 1258 quiete,

402 1281 591 1335 Ereptus
613 1279 733 1322 tetris
753 1290 776 1321 e
791 1277 985 1321 cladibus
1008 1295 1017 1317 ε
1036 1280 1079 1319 at
1098 1286 1195 1318 mea
1211 1280 1359 1318 Manes

401 1351 575 1393 Viscera
592 1349 786 1392 Letbaeas
805 1351 969 1399 cogunt
986 1350 1216 1389 transnare
1232 1356 1310 1400 per
1328 1344 1494 1395 undas3

402 1421 559 1463 Praecla
578 1419 810 1461 charontis
835 1427 955 1470 agor.
978 1415 1131 1458 Viden*
1151 1422 1197 1457 ut
1216 1413 1443 1468 flagrantia
1464 1412 1587 1457 taedis

365 1490 366 1493 ’
402 1491 589 1533 Lumina
609 1489 832 1531 collucent
849 1487 1015 1530 infestis
1036 1486 1182 1528 omnIa
1204 1486 1400 1540 templis3

405 1561 545 1603 Obvia
565 1558 825 1613 Tisiphone,
848 1556 1123 1611 serpentibus
1142 1556 1340 1609 undique
1359 1560 1529 1599 comta.

403 1633 458 1672 Et
474 1627 670 1671 flammas
690 1631 733 1670 et
751 1639 864 1670 saeva
883 1627 1025 1680 quatit
1046 1624 1154 1666 mihi
1177 1625 1364 1667 verbera
1380 1634 1551 1679 poenae;

402 1700 617 1744 Cerberus
634 1703 678 1741 et
696 1699 803 1740 diris
820 1696 973 1751 flagrat
992 1697 1226 1738 latratibus
1247 1707 1326 1738 ora
1341 1727 1350 1744 .

405 1770 634 1824 Anguibus
652 1767 756 1810 hinc
776 1770 906 1821 atque
925 1766 1031 1809 hinc
1050 1765 1238 1808 horrent
1257 1766 1325 1806 cui
1348 1764 1461 1807 colla
1482 1760 1674 1807 reflexis,

404 1841 726 1895 sanguineique
745 1838 912 1881 micant
928 1837 1132 1879 ardorem
1148 1835 1327 1878 luminis
1346 1836 1488 1878 orbes,

404 1914 528 1956 Heu!
551 1910 657 1964 quid
677 1910 730 1952 ab
750 1907 899 1952 officio
923 1908 1115 1961 digressa
1134 1910 1199 1950 est
1217 1906 1353 1959 gratia
1371 1938 1380 1956 ,
1403 1916 1539 1960 quum
1560 1909 1603 1946 te

404 1983 588 2026 Restitui
604 1982 772 2035 superis
787 1979 862 2022 leti
876 1981 968 2031 jam
989 1979 1142 2020 limine
1158 1977 1211 2020 ab
1227 1979 1321 2032 ipso
1339 1978 1358 2017 ?

405 2053 592 2095 Praemia
613 2054 716 2093 sunt
736 2050 908 2105 pietatis
927 2048 1030 2091 ubi?
1050 2049 1227 2103 pietatis
1243 2048 1436 2090 honores

403 2125 457 2164 In
481 2133 614 2165 vanas
629 2120 775 2163 abiere
795 2121 940 2168 vices;
964 2122 1007 2161 et
1023 2128 1127 2160 rure
1143 2117 1321 2160 recessit

405 2192 592 2236 Justitiae.
611 2193 733 2247 prior
748 2190 823 2233 illa
843 2188 974 2238 fides;
1000 2188 1210 2231 instantia
1226 2186 1318 2229 vidi

407 2264 622 2310 Alterius,
643 2263 736 2304 sine
752 2262 955 2315 respectu
976 2271 1073 2302 inea
1090 2257 1175 2302 sata
1194 2258 1472 2309 relinquens;

408 2336 474 2377 Ad
495 2335 654 2391 pariles
668 2344 773 2387 agor
788 2334 971 2376 eventus
989 2348 998 2380 ;
1020 2329 1067 2372 fit
1084 2340 1214 2385 poena
1231 2328 1417 2371 merenti
1434 2343 1444 2375 ;

408 2411 547 2451 Poena
568 2407 617 2449 fit
634 2406 809 2449 exitium
832 2422 841 2446 :
860 2403 993 2447 modo
1013 2402 1069 2444 sit
1088 2401 1192 2444 dum
1213 2402 1335 2455 grata
1350 2399 1570 2441 voluntas)

408 2479 596 2522 Exsistat
613 2489 691 2531 par
710 2476 905 2519 officium
925 2477 932 2515 1
955 2475 1092 2517 Feror
1115 2473 1211 2515 avia
1231 2480 1437 2524 carpens,
