1917 2942
168 306 239 346 ¹93
679 310 845 348 LIBER
876 310 947 348 111.
1398 314 1462 351 lOl

158 392 340 434 Nubila:
356 396 451 433 tum
466 395 634 445 segetes
654 393 750 434 altae
780 394 1011 447 campique
1032 396 1240 436 natantes

163 462 353 504 Lenibus
371 461 636 504 horrescunt
656 460 825 510 flabris,
849 474 1121 516 summaeque
1135 474 1343 507 sonorem

163 533 280 573 Dant
295 532 415 573 silvas
434 563 443 580 ,
464 532 676 585 longique
695 536 855 585 urgent
872 533 927 574 ad
943 533 1072 575 litora
1092 533 1252 576 fluetus
1275 551 1284 574 :

163 600 239 640 Ille
253 601 398 647 volat,
419 600 550 642 simul
567 611 670 641 arva
688 598 813 654 fuga,
835 601 967 643 simul
994 613 1174 656 aequora
1190 615 1386 646 verrens.

165 671 270 716 Hic,
291 668 363 711 vel
384 668 435 710 ad
457 670 549 712 Elei
564 672 726 718 metas,
752 672 796 713 et
810 672 998 713 maxima
1014 674 1159 726 campi

164 739 347 780 Sudabit
365 741 504 792 spatia
523 770 533 787 ‚
558 744 600 781 et
617 752 793 793 spumas
823 744 923 793 aget
941 753 1017 784 ore
1038 746 1270 790 cruentas:

164 809 339 861 Belgica
354 811 424 852 vel
445 810 567 852 molli
586 810 743 852 melius
767 809 876 853 feret
891 812 1044 854 esseda
1061 814 1192 855 collo.

163 881 276 919 Tum
296 879 477 920 demum
493 891 641 921 crassa
665 891 880 932 magnum
897 877 1116 933 farragine
1134 892 1294 938 corpus

165 951 473 1000 Crescerejam
494 948 670 991 domitis
689 950 847 991 sinito:
868 962 1060 1003 namque
1080 954 1181 993 ante
1201 953 1474 997 domandum

164 1022 370 1070 Ingentes
398 1020 551 1062 tollent
571 1021 741 1061 animos
756 1050 765 1067 ;
783 1021 1017 1073 prensique
1041 1024 1269 1073 negabunt

166 1088 356 1130 Verbera
370 1090 488 1130 lenta
505 1091 596 1142 pati
612 1120 622 1141 ‚
640 1091 683 1131 et
702 1089 820 1131 duris
842 1101 1000 1143 parere
1019 1090 1199 1145 lupatis.

218 1157 304 1199 Sed
324 1168 415 1199 non
437 1158 523 1200 ulla
541 1159 680 1211 magis
701 1160 814 1199 vires
830 1158 1049 1201 industria
1067 1159 1211 1202 firmat
1229 1194 1238 1210 ,

164 1229 305 1276 Quam
325 1230 543 1270 Venerem
564 1230 608 1269 et
629 1229 734 1271 caeci
755 1228 959 1270 stimulos
979 1233 1183 1273 avertere
1205 1233 1394 1280 amoris.

164 1297 264 1339 Sive
283 1296 420 1339 boum
438 1329 446 1344 ,
463 1297 554 1340 sive
575 1298 641 1339 est
659 1298 730 1338 eui
748 1290 921 1349 gratior
933 1310 1038 1339 usus
1053 1309 1292 1352 equorum.

165 1369 312 1419 Atque
341 1367 440 1409 ideo
460 1369 608 1409 tauros
626 1367 784 1420 procul
801 1370 933 1419 atque
948 1369 995 1408 in
1009 1369 1102 1410 sola
1120 1371 1319 1423 relegant

168 1440 352 1488 Pascua,
364 1439 464 1492 post
479 1438 678 1479 montem·
696 1437 962 1490 oppositum,
982 1444 1025 1479 et
1042 1441 1164 1480 trans
1176 1437 1475 1486 ·fluminalata;

168 1507 258 1546 Aut
271 1506 390 1546 intus
409 1507 580 1548 clausos
602 1506 749 1547 satura
764 1504 820 1546 ad
837 1507 1047 1558 praesepia
1060 1509 1256 1549 servant.

166 1573 318 1627 Carpit
336 1574 454 1616 enim
471 1574 589 1616 vires
607 1574 819 1627 paulatim
837 1605 846 1621 ,
869 1574 1049 1627 uritque
1069 1574 1264 1617 videndo

167 1643 370 1692 Femina3
390 1655 473 1686 nec
488 1655 722 1686 nemorum
741 1645 910 1698 patitur
929 1645 1194 1693 meminisse,
1212 1656 1295 1688 nec
1309 1645 1478 1689 herbae.

167 1712 377 1755 Dulcibus
396 1714 470 1755 illa
482 1713 661 1766 quidem
682 1713 894 1756 illecebris
914 1715 959 1755 et
973 1725 1087 1768 saepe
1106 1715 1319 1768 superbos

166 1784 385 1825 Cornibus
400 1786 516 1826 inter
531 1796 576 1826 se
598 1783 761 1837 subigit
776 1783 1014 1826 decernere
1030 1786 1242 1827 amantes.

169 1854 371 1896 Pascitur
386 1855 432 1895 in
449 1866 610 1908 magna
625 1855 741 1897 Silva
757 1854 947 1897 formosa
962 1854 1156 1904 juvenca
1173 1871 1183 1895 ε

169 1925 236 1965 Illi
253 1925 521 1968 alternantes
535 1926 676 1966 multa
693 1927 738 1967 vi
759 1925 908 1979 praelia
927 1925 1116 1966 miscent

168 1995 432 2038 vulneribus
449 1996 611 2038 crebris
631 2012 640 2036 :
660 1995 768 2037 lavit
787 1998 880 2038 ater
898 2006 1084 2048 corpora
1104 1996 1303 2048 sanguis,

170 2067 391 2119 versaque
409 2066 453 2106 in
475 2066 656 2108 obnixos
680 2071 896 2118 urgentur
917 2076 1084 2107 cornua
1101 2068 1227 2107 vasto

167 2139 278 2175 Cum
296 2136 462 2188 gemitu
484 2153 493 2177 :
511 2135 697 2179 reboant
714 2136 921 2189 silvaeque
940 2136 985 2178 et
999 2136 1159 2189 longus
1175 2137 1415 2191 Olympus.

171 2207 204 2245 N
214 2217 263 2247 ec
280 2216 376 2248 mos
392 2204 606 2249 bellantes
623 2217 712 2247 una
727 2205 969 2248 stabulare:
991 2204 1067 2248 sed
1089 2207 1200 2248 alter

172 2279 320 2319 Victus
336 2277 452 2328 abit,
473 2278 692 2331 longeque
709 2276 870 2330 ignotis
889 2277 1056 2319 exsulat
1075 2277 1185 2323 oris;

172 2348 304 2389 Multa
327 2359 505 2402 gemens
520 2346 805 2401 ignominiam
820 2378 831 2397 ‚
855 2346 1088 2400 plagasque
1103 2346 1280 2397 superbi

172 2418 379 2464 Victoris,
400 2420 515 2465 tum,
537 2430 642 2471 quos
662 2418 808 2479 amisit
827 2417 997 2460 inultus
1012 2449 1022 2469 ‚
1042 2429 1233 2477 tonores:
