1917 2942
370 319 448 357 435
897 317 1154 357 AENEIDOS
1596 318 1671 357 640

371 405 571 446 Volvitur
589 403 662 445 ille
681 413 884 445 excussus
903 403 1041 444 humi.
1063 402 1244 444 Catillus
1264 404 1409 449 lotan,

368 476 688 526 lugentemque
707 472 887 519 animis,
908 471 1132 524 ingentem
1152 484 1342 528 corpore
1358 478 1403 516 et
1421 476 1573 521 armis,

368 543 526 594 DeJ'icit
548 543 824 583 Herminium
845 554 854 578 τ
876 542 998 583 nudo
1014 544 1087 583 cui
1108 543 1274 585 vertice
1288 541 1405 585 fulva

368 613 595 662 Caesaries,
618 611 815 664 nudique
830 611 1028 659 humeri3
1046 623 1129 654 nec
1147 613 1332 655 vulnera
1354 613 1545 656 terrent:

366 686 531 724 Tantus
551 683 598 723 in
616 693 736 723 arma
755 685 890 735 patet.
915 685 1043 724 Latos
1057 683 1162 724 huic
1178 682 1298 724 hasta
1313 693 1392 736 per
1409 692 1553 723 armos

368 755 478 794 Acta
497 753 668 799 tremit,
687 750 969 805 duplicatque
985 752 1127 793 virum
1149 749 1353 793 transfixa
1369 752 1537 794 dolore.

368 822 587 864 Funditur
601 825 694 865 ater
711 822 874 876 ubique
895 834 1028 864 cruor
1048 839 1057 862 x
1079 823 1187 864 dant
1206 821 1360 865 funera
1378 821 1497 865 ferro

364 895 607 939 certantes,
624 891 945 946 pulchramque
969 894 1126 946 petunt
1148 903 1224 947 per
1240 893 1424 934 vulnera
1440 893 1641 933 mortem.

419 965 476 1003 At
492 963 657 1005 medias
676 965 792 1005 inter
812 962 954 1005 caedes
979 963 1165 1005 exsultat
1185 966 1381 1004 Amazon
1399 994 1410 1014 ,

369 1036 514 1074 Unum
536 1034 704 1075 exserta
722 1033 833 1075 latus
852 1044 1037 1085 pugnae‚
1058 1032 1310 1084 pharetrata
1329 1033 1534 1082 Camilla3

368 1105 423 1143 Et
442 1114 562 1143 nunc
578 1103 697 1144 lenta
715 1113 848 1143 manu
868 1113 1077 1156 spargens
1096 1102 1268 1144 hastilia
1289 1102 1465 1150 denset.

366 1173 402 1212 N
409 1182 495 1213 unc
513 1170 705 1213 validam
725 1170 876 1212 dextra
896 1173 1010 1226 rapit
1031 1171 1245 1213 indefessa
1262 1173 1518 1225 bipennem.

368 1244 541 1282 Aureus
559 1253 608 1283 ex
630 1241 816 1282 humero
836 1244 965 1282 sonat
981 1253 1125 1290 arcus,
1148 1244 1192 1284 et
1211 1253 1332 1283 arma
1352 1242 1518 1283 Dianae.

367 1311 449 1351 Illa
468 1311 622 1357 etiam,
647 1310 683 1350 si
703 1309 880 1364 quando
897 1310 942 1351 in
964 1313 1137 1364 tergum
1156 1311 1281 1365 pulsa
1295 1313 1500 1357 recessit,

367 1380 543 1432 Spicula
562 1391 776 1422 converso
796 1379 1009 1432 fugientia
1031 1380 1182 1433 dirigit
1202 1392 1322 1423 arcu.

370 1453 428 1491 At
447 1450 614 1493 circum
631 1451 753 1491 lectae
776 1451 962 1491 comites
980 1482 989 1498 ,
1013 1450 1256 1503 Larinaque
1275 1451 1425 1503 virgo,

367 1521 600 1574 Tullaque,
621 1523 664 1563 et
680 1523 858 1561 aeratam
877 1521 1079 1573 quatiens
1096 1521 1278 1573 Tarpeia
1300 1522 1513 1566 securim,

366 1591 565 1641 Italides;
588 1603 694 1644 quas
712 1593 802 1646 ipsa
824 1593 957 1635 decus
976 1593 1057 1633 sibi
1079 1591 1149 1633 dia
1168 1591 1349 1633 Camilla

367 1662 552 1713 Delegit.
570 1662 776 1715 pacisque
795 1661 932 1703 bonas
953 1662 1146 1714 bellique
1161 1660 1383 1702 ministras
1401 1676 1411 1700 ε

364 1732 522 1782 Quales
540 1731 752 1771 ‘l'hrei'Ciae
771 1741 907 1783 quum
924 1730 1107 1771 flumina
1122 1730 1460 1773 Thermodontis

366 1804 550 1844 Pulsant
568 1805 609 1843 et
627 1801 755 1856 pictis
772 1801 995 1842 bellantur
1014 1803 1263 1843 Amazones
1284 1801 1414 1843 armis
1433 1816 1443 1840 ε

366 1874 449 1914 Seu
470 1873 638 1914 circum
657 1871 946 1924 Hippolyten,
971 1882 1046 1914 seu
1067 1882 1203 1922 quum
1224 1882 1269 1913 se
1288 1871 1442 1912 Martia
1459 1881 1592 1912 curru

366 1942 643 1985 Penthesilea
660 1940 823 1992 refert,
844 1951 1094 1994 magnoque
1112 1942 1307 1983 ululante
1325 1940 1515 1982 tumultu

366 2010 573 2053 Feminea
592 2011 814 2052 exsultant
834 2010 997 2051 lunatis
1017 2011 1191 2063 agmina
1211 2011 1355 2064 peltis.

418 2083 559 2130 Quem
572 2082 657 2123 telo
668 2081 1020 2134 primum,quern
1033 2084 1322 2135 postremum,
1337 2091 1489 2135 aspera
1498 2080 1640 2132 virgo,

365 2151 556 2202 Dejieis‘?
577 2153 653 2193 aut
673 2156 780 2203 quot
799 2150 921 2191 humi
943 2151 1181 2193 morientia
1198 2161 1390 2205 corpora
1405 2149 1550 2192 fundis
1564 2152 1584 2192 ἱ)

365 2225 577 2262 Ευηῑεηη]
598 2222 740 2274 Clytio
758 2220 951 2274 primum
974 2226 1100 2275 patre
1122 2234 1131 2256 t
1155 2222 1281 2273 cujus
1303 2224 1504 2273 apertum

369 2290 554 2333 Adversi
577 2292 707 2343 longa
728 2290 1057 2334 transiet-berall:
1076 2290 1217 2333 abiete
1237 2293 1406 2345 pectus.

366 2362 601 2414 Sanguinis
621 2362 692 2403 ille
710 2362 896 2404 vomens
915 2362 1037 2403 rivos
1056 2361 1185 2409 cadit,
1211 2364 1343 2415 atque
1365 2363 1595 2403 cruentam

366 2431 535 2473 mandit
553 2431 751 2482 humum,
773 2431 1054 2487 moriensque
1073 2442 1151 2474 suo
1173 2432 1280 2475 sein
1302 2431 1485 2474 vulnere
1500 2430 1656 2473 versat.
