1917 2942
342 369 391 406 84
831 368 1160 410 GEORGICON
1578 371 1656 411 258

340 451 593 499 Interdum,
617 451 877 496 authederae
899 453 1102 508 pandunt
1118 455 1301 508 vestigia
1321 457 1472 509 nigrae.

383 522 461 562 His
478 520 820 570 animadversis,
839 524 1004 564 terram
1018 523 1160 565 multo
1178 528 1279 565 ante
1296 528 1523 568 memento

340 592 618 643 Excoquere,
638 591 683 632 et
696 601 881 643 magnos
899 592 1128 635 scrobibus
1147 593 1387 637 concidere
1406 599 1602 641 montes,

342 662 458 701 Ante
475 659 699 713 supinatas
717 661 927 715 Aquiloni
945 661 1178 705 ostendere
1195 663 1340 716 glebas
1358 695 1369 711 ‚

341 730 483 777 Quam
501 729 651 771 laetum
671 728 860 772 infodias
878 731 978 773 vitis
998 743 1153 786 genus.
1171 732 1348 786 Optima
1364 733 1485 786 putri

343 800 462 839 Arva
477 797 570 839 solo
587 813 596 837 ε
618 798 664 840 id
679 799 803 842 venti
824 803 1003 845 curant.
1023 801 1266 855 gelidaeque
1283 802 1453 855 pruinae
1472 833 1481 850 ,

341 869 396 907 Et
411 866 625 910 labefacta
638 879 822 911 movens
838 869 1043 913 robustus
1055 872 1212 925 jugera
1241 871 1396 915 fossor.

343 937 428 988 At,
445 936 608 989 siquos
623 936 742 979 haud
762 938 854 980 ulla
871 940 988 981 viros
1007 939 1233 993 vigilantia
1254 940 1390 994 fugit,

343 1008 458 1048 Ante
475 1006 623 1049 locum
644 1007 833 1049 similem
848 1008 1107 1062 exquirunt,
1129 1010 1204 1051 ubi
1226 1010 1371 1062 prIma
1385 1014 1564 1065 paretur

342 1075 585 1117 Arboribus
602 1086 749 1128 seges,
767 1079 811 1118 et
829 1087 919 1129 quo
939 1087 1041 1119 mox
1060 1077 1228 1131 digesta
1247 1076 1433 1127 feratur3

344 1147 557 1186 Mutatam
575 1144 785 1198 ignorent
798 1145 942 1188 subito
960 1158 1017 1190 ne
1036 1149 1205 1190 semina
1220 1151 1422 1190 matrem.

342 1214 462 1263 Quin
480 1213 615 1255 etiarn
632 1212 731 1256 coeli
753 1214 983 1266 regionem
999 1216 1046 1256 in
1066 1216 1230 1258 cortice
1249 1215 1448 1269 signant3

345 1283 423 1330 Ut,
449 1293 539 1335 quo
561 1294 747 1336 quaeque
764 1282 900 1326 modo
919 1284 1112 1332 steterit,
1135 1296 1222 1337 qua
1241 1287 1365 1339 parte
1385 1285 1553 1326 calores

345 1353 581 1395 Austrinos
602 1354 775 1405 tulerit,
796 1366 892 1407 quae
913 1358 1038 1407 terga
1060 1355 1301 1397 obverterit
1320 1355 1412 1403 axi,

345 1423 620 1472 Restituant;
642 1421 753 1465 adeo
779 1423 824 1464 in
845 1424 1006 1466 teneris
1023 1434 1311 1466 consuescere
1329 1424 1518 1465 multum
1537 1423 1625 1464 est!

352 1490 569 1539 Collibus,
590 1502 646 1532 an
663 1492 797 1544 plano
816 1493 973 1535 melius
988 1494 1046 1534 sit
1072 1504 1240 1547 ponere
1259 1493 1396 1536 vitem
1415 1524 1425 1540 ,

343 1562 502 1609 Quaere
522 1561 660 1614 prius.
676 1562 717 1602 Si
733 1563 911 1617 pinguis
930 1574 1058 1615 agros
1072 1564 1294 1606 metabere
1310 1564 1455 1618 campi
1476 1594 1485 1609 ,

345 1633 490 1672 Densa
508 1641 603 1673 sere
625 1648 635 1672 ι
655 1631 703 1672 in
722 1632 860 1674 denso
874 1643 967 1674 non
985 1632 1165 1686 segnior
1180 1633 1316 1675 ubere
1335 1631 1551 1675 Bacchus„

341 1700 420 1740 Sin
438 1699 618 1742 tumulis
636 1699 804 1743 adclive
818 1701 960 1743 solum
978 1702 1200 1755 collesque
1219 1702 1399 1754 supinos
1416 1734 1425 1750 ‚

342 1768 529 1822 Indulge
546 1769 792 1811 ordinibus.
812 1773 849 1811 N
856 1782 906 1812 ec
925 1771 1065 1813 secius
1085 1771 1229 1812 omnis
1248 1770 1294 1811 in
1308 1782 1504 1823 unguem

345 1837 586 1879 Arboribus
604 1838 757 1892 positis
774 1840 894 1881 secto
905 1838 978 1881 via
995 1838 1135 1880 limite
1154 1837 1358 1890 quadret.

344 1906 402 1945 Ut
415 1916 531 1958 saepe
546 1939 556 1954 ,
574 1905 747 1960 ingenti
758 1906 876 1950 bello
896 1917 1035 1959 quum
1053 1908 1187 1959 longa
1205 1906 1410 1949 cohortes

344 1976 562 2029 Explicuit
575 1976 693 2029 legio
710 2008 720 2025 ,
741 1978 785 2019 et
803 1987 962 2031 campo
979 1977 1101 2019 stetit
1120 1987 1279 2028 agmen
1301 1978 1454 2030 aperto
1474 2005 1483 2023 ,

345 2046 623 2100 Directaeque
640 2047 775 2094 acies,
797 2046 949 2090 aelate
967 2046 1149 2089 fluctuat
1164 2046 1308 2089 omnis

345 2118 443 2157 AEre
463 2114 687 2158 renidenti
711 2115 859 2163 tellus,
877 2114 1070 2158 necdum
1089 2114 1275 2156 horrida
1291 2114 1478 2157 miscent

345 2184 528 2231 Proelia,
546 2184 623 2226 sed
644 2184 801 2226 dubius
818 2184 976 2227 mediis
994 2188 1106 2226 Mars
1124 2186 1241 2226 errat
1256 2184 1302 2224 in
1318 2183 1449 2225 armis
1470 2199 1480 2222 ε

345 2253 504 2294 Omnia
519 2253 608 2295 sint
622 2253 801 2308 paribus
814 2253 1011 2294 numeris
1032 2252 1231 2295 dimensa
1250 2252 1423 2294 viarum
1437 2268 1447 2301 ;

349 2325 382 2364 N
390 2334 449 2380 on
468 2324 667 2365 animum
685 2323 821 2366 modo
841 2323 906 2365 uti
924 2326 1076 2378 pascat
1094 2324 1351 2377 prospectus
1368 2323 1547 2364 inanem
1566 2351 1575 2368 ,

345 2392 431 2435 Sed
447 2393 549 2445 quia
567 2404 661 2435 non
682 2393 810 2435 aliter
825 2393 941 2435 vires
957 2391 1081 2434 dabit
1094 2392 1300 2434 omnibus
1318 2401 1463 2443 aequas

346 2465 482 2505 Terra
498 2492 507 2509 ,
531 2473 674 2517 neque
687 2462 735 2505 in
750 2474 939 2506 vacuum
959 2464 1174 2516 poterunt
1187 2473 1233 2505 se
1248 2461 1485 2504 extendere
1506 2459 1631 2502 rami.
