1917 2942
782 358 1188 428 AENEIDOS

657 531 1370 584 LlBER UNDEClMUS.

367 698 1661 753 ᾣῷᾣᾶᾢῲᾣῇᾣῷᾣῷἓῶᾥῷᾣῷᾣῷᾢῷᾥῷᾧ

372 846 553 882 Pallantis
571 848 714 882 mortui
735 854 870 890 eorpus
899 853 1043 890 magno
1058 846 1241 890 adparatu
1269 848 1317 882 ad
1333 847 1501 883 Evandri
1524 848 1662 883 urbem

411 910 545 943 AEneas
561 907 741 948 remittit,
759 907 826 942 ubi
847 915 1002 942 summo
1023 907 1142 950 patris
1168 908 1272 942 luctu
1290 908 1493 952 excipitur.
1513 910 1662 944 interea

414 971 588 1013 Venulus,
620 979 640 1004 e
660 968 854 1005 Diomedis
881 968 976 1003 urbe
1003 968 1134 1009 redux,
1163 970 1307 1003 nullam
1331 969 1421 1004 inde
1454 977 1560 1013 spem
1582 977 1662 1004 esse

410 1028 558 1071 auxilii,
579 1028 724 1063 Latinis
740 1031 868 1064 refert.
886 1028 1041 1063 Latinus
1053 1037 1129 1069 rex,
1147 1037 1189 1063 ea
1201 1037 1266 1072 spe
1279 1028 1497 1070 destitutus,
1519 1037 1640 1064 convo

409 1091 495 1123 cato
506 1089 683 1130 coneilio,
697 1089 841 1133 legatos
853 1089 898 1123 ad
921 1090 1063 1123 AEnean
1082 1089 1127 1123 de
1141 1090 1244 1133 pacis
1262 1089 1551 1125 conditionibus
1565 1090 1662 1124 mit-

412 1149 543 1184 tendos
560 1151 701 1185 censet.
725 1149 837 1184 Addit
860 1153 1023 1184 Drances
1040 1150 1130 1185 huie
1148 1150 1252 1193 regis
1266 1151 1468 1185 sententia}
1484 1152 1604 1186 multa
1622 1151 1663 1185 in

414 1214 602 1251 Turnum,
620 1211 712 1246 belli
727 1215 936 1252 auctorem,
958 1211 1155 1248 convicia:
1175 1220 1259 1256 quae
1274 1215 1423 1247 Turnus
1435 1220 1580 1253 amare,
1600 1212 1665 1246 sed

413 1270 600 1312 animose,
629 1270 784 1306 refellit.
821 1271 965 1314 Quibus
991 1270 1095 1306 inter
1127 1279 1166 1305 se
1197 1271 1413 1307 rixantibus
1443 1264 1663 1311 nunciatur,

410 1329 566 1373 Trojani
597 1330 783 1365 exercitus
816 1329 1010 1374 expeditos
1044 1331 1193 1374 equites
1217 1333 1403 1367 Laurento
1433 1331 1662 1372 imminere:

410 1395 555 1429 lEnean
580 1401 669 1428 cum
689 1391 849 1435 reliquis
878 1390 999 1435 copiis
1034 1399 1101 1435 per
1128 1392 1208 1425 loca
1243 1392 1441 1426 montibus
1477 1391 1665 1434 impedita

409 1452 544 1488 eodem
576 1451 818 1487 contendere.
851 1453 1014 1492 Turnus,
1045 1450 1201 1494 cognito
1221 1452 1344 1485 AEneae
1376 1449 1547 1491 consilio,
1578 1459 1665 1486 suus

410 1514 532 1548 etiam
550 1511 679 1555 copias
701 1511 884 1546 bifariam
899 1510 1041 1545 dividit
1058 1521 1066 1544 ι
1083 1509 1229 1554 equites
1244 1510 1314 1545 sub
1331 1511 1490 1545 Camilla
1510 1514 1547 1546 et
1565 1514 1665 1546 Mes-

408 1584 499 1619 sapo
515 1574 686 1615 Troianis
702 1572 898 1617 equitibus
912 1572 1069 1616 opponit
1086 1581 1094 1605 :
1110 1571 1191 1615 ipse
1210 1579 1298 1606 cum
1313 1572 1450 1607 ceteris
1471 1573 1666 1607 montium

411 1632 610 1679 angustias
627 1633 798 1676 occupat,
819 1634 860 1666 ut
880 1634 1024 1667 AEnean
1051 1632 1247 1676 opprimat
1267 1633 1435 1668 insidiis.
1456 1635 1668 1670 Commisso

411 1695 581 1740 equestri
603 1694 749 1739 praelio,
785 1693 945 1728 Camilla
968 1693 1016 1727 ab
1049 1695 1189 1728 Aruule
1222 1692 1431 1735 occiduum
1467 1696 1587 1729 Aruns
1614 1696 1663 1730 ab

411 1758 625 1802 opi,quam
644 1754 765 1791 Diana
788 1754 1043 1797 praemiserat,
1062 1753 1233 1789 Camilloe
1249 1757 1417 1790 mortem
1438 1758 1620 1792 ulturam.

368 1900 599 1939 Oceanum
617 1894 785 1937 interea
800 1904 983 1946 surgens
1001 1897 1168 1936 Aurora
1186 1894 1378 1947 reliquit.

366 1970 521 2009 AEneas
539 1997 547 2013 ,
564 1974 828 2017 quamquam
844 1966 888 2006 et
906 1963 1034 2006 sociis
1051 1964 1156 2006 dare
1174 1966 1342 2018 tempus
1357 1963 1590 2007 humandis

367 2036 651 2091 Praecipitant
666 2046 806 2078 eurae.
830 2034 1087 2088 turbataque
1108 2034 1262 2078 sunere
1281 2046 1404 2079 mens
1422 2040 1509 2084 est.

363 2111 477 2150 Vota
494 2106 627 2148 desim
643 2106 787 2161 primo
808 2106 951 2148 victor
968 2106 1164 2148 solvebat
1178 2109 1287 2148 Eoo.

362 2180 595 2231 Ingentem
609 2186 820 2229 quereum
841 2175 996 2219 decisis
1020 2175 1216 2229 undique
1244 2176 1377 2218 ramis

364 2247 603 2289 Constituit
619 2245 810 2293 tumulo.
829 2243 1130 2299 fulgentiaque
1143 2246 1289 2288 induit
1312 2258 1429 2288 arma
1449 2278 1458 2292 ,

366 2315 555 2360 Mezenti
575 2315 698 2358 ducis
717 2316 914 2363 exuvias;
941 2315 1040 2364 tihi,
1066 2326 1247 2370 magne,
1268 2318 1507 2369 tropaeum,

366 2386 632 2442 Bellipotens
654 2402 664 2427 ε
685 2388 807 2441 aptat
823 2389 1022 2430 rorantes
1038 2387 1252 2440 sanguiue
1268 2386 1439 2433 cristas,
1506 2423 1509 2432 ,

367 2457 557 2512 Telaque
574 2460 729 2500 trunca
746 2456 825 2499 viri
843 2487 853 2505 ‚
871 2459 915 2499 et
932 2455 998 2499 bis
1017 2468 1090 2500 sex
1106 2455 1281 2502 thoraca
1298 2457 1486 2510 petitum
1515 2457 1517 2460 ’
