1917 2942
346 277 421 316 2611
846 280 1097 320 AENEIDOS
1575 284 1650 324 (597

344 364 675 415 linplenturque
691 375 821 416 super
837 375 1007 418 puppes
1026 382 1036 412 ;
1057 365 1264 406 semiusta
1289 367 1550 410 madescunt

345 431 517 473 Robora
540 448 549 470 z
571 433 805 476 restinctus
825 434 972 476 donec
987 445 1124 487 vapor
1143 435 1303 485 omnis,
1322 436 1365 478 et
1379 447 1547 486 omnes,

345 501 542 548 Quatuor
559 501 739 550 arnissis,
760 506 939 544 servatae
962 514 987 544 a
1005 507 1126 556 peste
1143 504 1323 545 carince.

330 621 336 629 .
396 572 456 609 At
473 571 599 622 pater
615 574 786 618 AEneas‚
816 583 918 613 casu
935 584 1173 614 concussus
1191 575 1364 621 acerbo,

344 642 469 680 Nunc
487 639 574 681 huc
593 639 809 691 ingentes.
827 652 948 684 nunc
963 644 1067 685 illuc
1086 647 1267 697 pectore
1283 656 1409 686 curas

347 708 542 749 mutabat
561 720 742 751 versans
759 725 769 757 ;
791 710 1007 753 Siculisne
1029 712 1243 755 resideret
1263 713 1392 761 arvis,

343 778 514 820 Oblitus
534 778 738 831 fatorum,
760 780 946 823 Italasne
962 785 1210 835 capesseret
1228 794 1340 824 oras.

270 867 274 873 .
343 849 456 888 'sum
473 850 620 890 senior
640 851 818 897 Nautes,
847 862 990 891 unum
1009 852 1208 894 Tritonia
1225 854 1368 895 Pallas

343 920 484 967 Quem
502 918 665 966 docuit,
686 920 914 974 multaque
933 922 1150 974 insignem
1168 922 1361 964 reddidit
1376 927 1493 972 arte3

345 990 452 1029 Haec
470 998 682 1041 responsa
702 987 848 1034 dabat,
869 990 941 1031 vel
960 1000 1057 1042 quas
1078 989 1365 1042 portenderet
1383 991 1447 1032 ira

345 1062 500 1109 Magna
516 1058 661 1105 desim,
685 1059 757 1101 vel
778 1069 875 1111 quae
898 1057 1086 1100 fatorum
1107 1063 1306 1113 posceret
1327 1059 1452 1102 ordo.

345 1129 473 1179 Isque
488 1126 556 1168 his
576 1130 743 1169 AEnean
761 1126 925 1168 solatus
941 1126 1125 1169 vocibus
1146 1125 1245 1168 infit
1267 1145 1275 1167 ι

402 1198 534 1239 «Nate
544 1197 640 1242 dea,
656 1206 743 1249 quo
755 1194 847 1236 fata
861 1196 1043 1237 trahunt
1052 1196 1386 1251 retrahuntque‚
1398 1208 1635 1250 sequamur
1645 1211 1656 1233 ε

344 1264 570 1318 Quidquid
586 1265 682 1312 erit,
700 1264 950 1319 superanda
966 1267 1108 1307 omnis
1128 1264 1306 1310 fortuna
1321 1264 1503 1309 ferendo
1522 1268 1602 1308 cst.

345 1336 422 1376 Est
439 1334 517 1376 tihi
537 1334 782 1376 Dardanius
800 1334 961 1376 divinae
982 1335 1130 1388 stirpis
1150 1339 1328 1377 Acestes
1348 1352 1357 1376 :

346 1406 478 1444 Hunc
494 1414 602 1456 cape
622 1403 816 1445 consiliis
835 1404 1021 1448 socium,
1043 1408 1087 1446 et
1111 1406 1335 1456 conjunge
1352 1404 1601 1452 volenteui;

344 1472 455 1514 Huic
470 1470 593 1514 trade
612 1472 778 1513 amissis
795 1475 1005 1526 superant
1021 1474 1095 1524 qui
1118 1473 1318 1521 navibus,
1342 1475 1385 1515 et
1400 1484 1511 1526 quos

348 1542 590 1582 Pertaesum
611 1540 763 1591 magni
779 1540 943 1594 incepti
962 1551 1200 1594 rerumque
1215 1543 1391 1582 tuarum
1411 1545 1498 1588 est;

345 1613 675 1663 Longaevosque
691 1619 833 1657 senes,
856 1619 907 1650 ac
924 1607 1053 1650 fessas
1070 1619 1245 1661 aequcre
1265 1612 1443 1657 inatres,

344 1683 399 1721 Et
417 1678 634 1733 quidquid
659 1681 806 1721 tecum
824 1677 1070 1720 invalidum
1092 1680 1382 1732 metuensque
1401 1680 1555 1734 pericli
1576 1684 1659 1731 cst?

346 1750 494 1800 Delige
511 1765 521 1795 ;
544 1750 588 1791 et
605 1747 671 1790 liis
684 1748 875 1791 habeant
889 1749 1017 1791 terris
1034 1750 1129 1790 sine
1144 1749 1310 1791 moenia
1327 1747 1426 1792 fessi
1445 1766 1456 1790 ε

345 1819 508 1861 Urbem
529 1817 815 1871 adpellabunt
834 1820 1047 1871 permisso
1066 1820 1248 1861 nomine
1264 1822 1480 1862 Acestam.
1505 1837 1521 1858 n

395 1888 569 1929 Talibus
588 1888 793 1929 incensus
811 1887 939 1929 dictis
955 1889 1140 1929 senioris
1159 1889 1305 1930 amici.

344 1961 455 1999 Tum
479 1967 589 1999 vero
608 1957 654 1997 in
675 1967 801 1999 curas
823 1956 1022 2002 animum
1042 1956 1268 1998 diducitur
1288 1968 1443 2000 omnes
1464 1973 1473 1998 ε

346 2030 399 2067 Et
417 2037 504 2068 nox
522 2027 616 2071 atra
635 2020 921 2079 polumbigis
940 2017 1150 2069 subvecta
1177 2028 1367 2070 tenebat.

347 2098 445 2138 Visa
464 2097 625 2139 dehinc
644 2098 757 2139 cerlo
780 2096 910 2138 facies
928 2096 1108 2150 delapsa
1127 2098 1321 2151 parentis

348 2167 548 2210 Anchisze
567 2166 713 2208 subite
732 2167 843 2210 'tales
862 2166 1092 2210 effundere
1110 2179 1243 2211 voces
1262 2181 1270 2205 ι

401 2252 417 2273 «ι
440 2238 476 2276 N
484 2238 568 2286 ate,
589 2235 696 2277 mihi
716 2237 801 2277 vita
821 2236 1063 2289 quondam,
1083 2237 1190 2278 dum
1211 2238 1300 2280 vita
1319 2240 1536 2286 manebat.

350 2314 458 2350 (jare
473 2308 633 2360 inagis3
655 2310 775 2358 nate,
794 2308 939 2350 Iliacis
955 2309 1144 2351 exercite
1165 2308 1263 2352 satis
1279 2326 1289 2357 ;

348 2379 536 2434 imperiO
555 2379 675 2421 vais
693 2379 781 2421 huc
805 2379 932 2422 venio
956 2411 965 2432 ,
990 2381 1059 2433 qui
1087 2380 1293 2424 classibus
1312 2381 1457 2435 ignem
