1917 2942
332 355 411 392 513
786 354 1138 392 CATALECTA.

331 442 421 479 Nec
441 436 586 478 minus
608 435 777 480 idcirco
793 438 970 479 nostros
987 448 1247 490 expromere
1267 439 1423 480 cantus

387 508 598 549 Maximus
614 537 623 553 ,
644 509 688 547 et
706 510 882 550 sanctos
904 506 1063 559 dignus
1081 506 1195 546 inire
1209 505 1384 548 choros,

331 581 429 619 Hoc
446 579 598 629 itaque
612 578 794 621 insuetis
809 580 955 629 jactor
974 578 1132 629 magis.
1156 578 1322 630 optime
1336 607 1346 623 ‚
1366 577 1483 617 curis
1504 593 1516 616 ε

383 647 500 697 Quid
516 648 570 689 de
592 651 634 689 te
653 649 815 701 possim
836 648 1057 695 scribere,
1079 646 1242 699 quidve
1262 647 1356 689 tibi.

330 721 532 772 Namque
551 751 561 770 ‚
582 718 754 761 fatebor
770 720 914 765 enim,
940 730 1037 772 quae
1059 718 1247 760 maxima
1268 718 1525 761 deterrendi

384 788 570 836 Debuit,
589 787 800 830 hortandi
815 788 1008 830 maxima
1028 799 1157 830 causa
1180 786 1275 829 suit.

331 861 480 901 Pauca
501 863 571 899 tua
589 859 638 899 in
653 862 825 901 nostras
846 863 1068 901 venerunt
1089 858 1287 899 carmina
1306 857 1476 899 chartas
1490 889 1501 903 ,

384 929 595 969 Carmina
613 939 750 981 quum
767 929 941 983 lingua,
965 931 1059 969 tum
1076 927 1165 970 sale
1182 927 1415 981 Cecropio.

330 998 560 1044 Carmina,
585 1009 681 1051 quae
703 998 909 1049 Pylium,
930 995 1068 1040 saeclis
1091 997 1273 1051 adcepla
1291 996 1472 1045 futuris,

383 1067 588 1109 Carmina
604 1099 614 1118 ,
636 1079 733 1120 quae
751 1068 932 1120 Pylium
948 1069 1129 1110 vincere
1145 1067 1277 1120 digna
1295 1080 1462 1110 senem.

332 1137 529 1180 Molliter
545 1137 619 1178 hic
640 1138 771 1178 viridi
792 1138 954 1191 patulae
975 1137 1265 1190 subtegmine
1285 1149 1476 1191 quercus

383 1206 529 1247 Moeris
546 1209 742 1259 pastores
760 1210 803 1248 et
821 1207 1047 1248 Meliboeus
1064 1210 1214 1255 erant3

330 1275 487 1317 Dulcia
503 1277 721 1327 jactantes
739 1277 911 1318 alterno
930 1277 1128 1318 carmina
1150 1287 1279 1318 versu
1294 1308 1304 1323 ,

384 1344 538 1393 Qualia
559 1345 799 1386 Trinacriae
822 1345 983 1386 doctus
1005 1348 1124 1387 amat
1140 1345 1333 1396 juvenis.

329 1415 540 1457 Certatim
561 1415 784 1457 ornabant
800 1427 955 1458 omnes
976 1415 1169 1458 Hero'ida
1184 1415 1298 1463 divi;

384 1486 593 1527 Certatim
618 1486 729 1528 divae
750 1497 934 1528 munere
956 1497 1144 1538 quaeque
1165 1496 1264 1527 suo.

329 1554 519 1597 Felicem
539 1558 641 1597 ante
660 1555 764 1597 alias
786 1559 909 1598 tanto
923 1555 1142 1608 scriptore
1161 1556 1352 1608 puellam
1373 1558 1386 1595 1

384 1623 533 1666 Altera
551 1635 643 1665 non
666 1622 779 1666 fama
798 1625 956 1666 dixerit
975 1636 1065 1666 esse
1085 1624 1224 1678 prior.

329 1695 432 1735 Non
453 1694 524 1736 illa
543 1727 551 1739 ,
575 1695 871 1747 Hesperidum
887 1695 933 1736 ni
952 1706 1138 1737 munere
1160 1697 1286 1747 capta
1305 1695 1450 1737 fuisset
1467 1726 1480 1740 ,,

381 1767 487 1814 Quae
510 1765 739 1807 volucrem
761 1777 893 1807 cursu
915 1766 1081 1808 vicerat
1101 1767 1427 1819 Hippomenen}
1446 1781 1456 1812 ς

328 1833 530 1875 Candida
550 1845 720 1887 cycneo
740 1847 834 1877 non
850 1836 969 1878 edita
985 1835 1202 1887 Tyndaris
1217 1846 1302 1877 ovo
1319 1852 1328 1883 3

384 1907 483 1945 Non
498 1915 660 1957 supero
682 1902 853 1957 fulgens
876 1906 1107 1960 Cassiopea
1130 1906 1263 1960 130103

329 1977 426 2016 Non
447 1973 626 2017 defensa
646 1974 721 2017 diu
741 1976 976 2018 volucrum
993 1977 1237 2018 certamine
1258 1985 1475 2029 equorum
1494 2007 1504 2023 ‚

379 2046 606 2098 optabant
623 2046 765 2088 Graiae
783 2057 914 2100 quam
932 2046 1014 2087 sibi
1036 2056 1222 2100 quaeque
1241 2057 1421 2093 manus;

326 2118 446 2168 sirpe
467 2115 660 2156 animam
678 2116 829 2168 generi
850 2126 933 2170 pro
955 2127 1042 2168 qua
1067 2118 1190 2170 pater
1211 2116 1371 2172 impius
1390 2113 1533 2155 hausit,
1553 2128 1562 2160 3

378 2188 503 2238 Saepe
519 2184 653 2227 rubro
671 2187 782 2228 Eleis
803 2186 1021 2238 sanguine
1040 2184 1160 2225 fluxit
1179 2182 1364 2231 humus3

325 2256 466 2308 Regia
485 2266 577 2297 non
600 2255 798 2301 Semele,
822 2266 914 2296 non
933 2254 1106 2297 Inachis
1126 2254 1355 2297 Acrisione
1373 2286 1382 2303 ,

377 2324 560 2367 Immitti
582 2327 837 2379 exspectant
857 2323 1042 2366 fulmine
1059 2325 1104 2366 et
1124 2323 1289 2371 imbre,
1308 2327 1468 2365 JOi'clu
1487 2334 1500 2357 ε,

323 2396 456 2444 Cujus
473 2397 517 2435 et
533 2392 589 2434 ob
607 2396 783 2445 raptum
807 2393 917 2446 pulsi
936 2392 1104 2444 liquere
1123 2394 1311 2435 Penates

378 2462 600 2517 Tarquinii
625 2465 814 2518 patrios,
841 2462 952 2505 filius
974 2465 1106 2514 atquc
1125 2466 1270 2513 nalem
