1917 2942
241 331 310 383 186
760 329 925 369 [ABER
960 332 1013 368 X·.
1463 323 1540 367 5839

238 417 520 464 Transierim,
536 418 712 469 Cinyra,
734 419 778 458 et
797 415 948 469 paucis
973 415 1181 458 comitate
1198 418 1389 468 CupavO.

239 489 364 538 Cujus
380 486 561 528 olorinae
582 487 764 539 surgunt
784 484 838 525 de
859 485 1021 527 vertice
1038 495 1192 537 pennae
1219 495 1229 520 z

240 556 414 598 Crimen
434 567 559 598 amor
577 559 790 602 vestrum,
814 553 1054 607 formaeque
1073 554 1244 606 insigne
1262 556 1457 607 paternae
1478 566 1494 589 t»

243 628 440 678 Namque
461 625 767 678 ferunt‚·luctu
789 628 988 677 Cycnum
1010 623 1293 665 Phaethontis
1315 622 1463 669 amati,

245 696 459 749 Populeas
479 697 594 738 inter
611 694 790 737 frondes
809 695 1100 747 umbramque
1119 705 1320 735 sororum

249 769 356 806 lium
376 765 508 813 canIt,
528 767 571 806 et
585 768 784 807 maestum
805 768 927 805 Musa
942 763 1108 805 solatur
1125 773 1337 808 amorem,

245 838 481 876 Canentem
501 834 619 876 molli
642 836 791 888 pluma
806 833 977 874 duxisse
993 835 1215 875 senectam
1231 848 1241 880 3

244 903 530 956 Linquentem
547 906 700 949 terras.
719 906 762 945 et
776 902 919 944 sidera
934 911 1043 944 voce
1062 905 1334 955 sequentem.

244 973 390 1020 Filius,
411 973 599 1027 aequales
620 973 855 1015 comitatus
876 972 1009 1014 classe
1026 975 1242 1022 catervaS,

242 1045 471 1093 Ingentem
491 1043 624 1082 remis
640 1045 906 1085 Centaurum
926 1045 1161 1094 promovet
1177 1057 1187 1080 ε
1203 1040 1275 1082 ille

243 1114 378 1153 Instat
395 1122 533 1164 aquae.
552 1122 791 1164 saxumque
805 1112 934 1152 undis
954 1111 1147 1152 immane
1162 1111 1357 1151 minatur

245 1180 434 1232 Arduus,
455 1183 500 1224 et
519 1182 653 1233 longa
672 1181 813 1223 sulcat
830 1180 970 1222 maria
989 1181 1076 1222 alta
1095 1180 1262 1222 carina.

298 1250 374 1291 1116
392 1251 523 1292 etiam
542 1251 696 1304 patriis
717 1261 877 1303 agmen
894 1250 982 1292 ciet
1000 1251 1147 1291 Ocnus
1168 1249 1221 1291 ab
1238 1248 1341 1294 oris.

247 1318 448 1361 Fatidicae.
470 1319 644 1361 Mantus
665 1322 709 1362 et
730 1319 856 1361 Tusci
879 1316 992 1361 filius
1012 1318 1167 1364 amnis,

249 1388 330 1438 Qui
350 1399 497 1430 muros
516 1389 756 1442 matrisque
782 1388 905 1431 dedit
921 1388 1016 1438 tibi,
1043 1391 1234 1433 Mantua,
1256 1396 1420 1428 nomen
1438 1403 1448 1434 ς

250 1460 427 1499 Mantua
443 1458 564 1501 dives
584 1458 700 1500 avis:
720 1457 797 1500 sed
818 1469 911 1500 non
930 1469 1066 1511 genus
1087 1458 1291 1499 omnibus
1313 1468 1449 1499 unuin
1467 1473 1488 1504 ;,

249 1529 364 1569 Gens
381 1527 442 1568 illi
460 1527 632 1580 triplex,
653 1528 804 1582 populi
819 1527 898 1569 sub
915 1531 1045 1580 gente
1063 1527 1264 1581 quaterni
1279 1542 1289 1574 ;

250 1599 346 1649 [psa
366 1600 497 1650 caput
518 1598 692 1651 populis
711 1613 720 1637 ε
738 1601 878 1639 Tusco
899 1597 952 1639 de
968 1598 1180 1649 sanguine
1199 1597 1332 1639 vires.

252 1666 372 1708 Hinc·
386 1678 559 1719 quoque
578 1668 844 1721 quingentos
864 1668 909 1707 in
930 1678 974 1708 sc
993 1669 1231 1709 Mezentius
1253 1669 1410 1712 armat,

255 1740 374 1785 Quos
391 1741 517 1790 patre
532 1742 706 1780 Benaco
725 1739 891 1780 velatus
910 1738 1129 1780 arundine
1145 1739 1299 1791 glauca

257 1807 453 1854 Mincius,
477 1808 635 1851 infesta
656 1808 845 1850 ducebat
862 1810 905 1849 in
929 1808 1245 1861 aequorasspinu.

308 1880 344 1918 It
364 1878 508 1929 gravis
526 1879 740 1927 AulesteS,
757 1881 1026 1931 centenaque
1047 1878 1205 1919 arbore
1226 1875 1381 1918 flnctus

259 1949 466 1990 Verberat
487 1948 731 2001 adsurgens
751 1965 760 1989 ι
781 1954 988 2002 spumant
1007 1947 1118 1990 vada
1134 1957 1358 1989 marmore
1381 1958 1510 1989 verso
1524 1979 1542 1992 2.

259 2022 384 2062 Hunc
398 2019 520 2061 vehit
535 2020 741 2062 immanis
762 2020 929 2066 Triton,
949 2024 992 2061 et
1011 2021 1172 2062 caerula
1190 2008 1361 2062 concha

255 2091 482 2131 Exterrens
503 2089 612 2132 freta
634 2108 645 2132 ε
669 2089 740 2133 cui
759 2090 949 2133 laterum
969 2093 1097 2131 tenus
1118 2089 1291 2143 hispida
1309 2088 1435 2130 nanti

254 2158 392 2198 Frons
413 2157 640 2200 hominem
660 2158 857 2213 praefert,
880 2159 927 2199 in
947 2158 1103 2212 pristin
1126 2157 1289 2200 desinit
1308 2156 1432 2198 alvus
1450 2173 1460 2204 ;

254 2230 439 2280 Spumea
453 2227 658 2270 semifero
676 2230 755 2270 sub
771 2232 955 2282 pectore
975 2232 1227 2269 murmurat
1245 2228 1381 2269 unda.

257 2300 338 2337 Tot
353 2297 452 2339 lecti
468 2308 673 2352 proceres
689 2302 755 2341 ter
771 2297 894 2339 denis
912 2299 1096 2340 navibus
1115 2298 1240 2340 ibant

257 2367 459 2409 Subsidio
479 2371 634 2421 Trujae,
658 2373 702 2412 et
716 2380 897 2423 campos
916 2369 1016 2411 salis
1038 2381 1122 2411 aere
1137 2368 1358 2412 secabant.

311 2441 495 2490 Jamque
513 2438 604 2481 dics
625 2439 738 2482 ciclo
758 2444 1033 2483 concesserat
1052 2457 1062 2487 ς
1086 2440 1286 2490 aliusque
1309 2449 1438 2479 cui-vn
