1917 2942
233 344 255 383 7
606 347 865 387 AENEIDOS
897 349 1061 387 LIBER
1094 349 1138 386 V.
1457 347 1532 386 2!ss

231 428 374 469 Triste
395 439 473 482 per
497 430 730 481 augurium
750 434 1026 474 Teucrorum
1044 435 1228 486 pectora
1250 431 1436 473 ducunt.

285 499 342 538 Ut
363 498 542 551 pelagus
560 500 742 542 tenuere
759 503 875 542 rates
891 534 899 549 ,
921 512 1006 545 nec
1020 503 1112 554 Jam
1132 500 1318 554 amplius
1335 501 1423 543 ulla

231 568 439 609 Occurrit
456 568 604 615 tellus,
626 570 762 612 marla
782 571 1002 623 undique,
1024 576 1069 613 et
1091 570 1289 624 undique
1313 573 1473 614 coelum
1491 589 1502 620 ;

235 636 320 677 Olli
341 637 554 679 caeruleus
573 648 704 692 supra
719 644 853 692 caput
872 640 1043 682 adstitit
1062 640 1215 690 imber,

235 706 423 747 Noctem
440 705 718 761 hiememque
730 708 892 757 ferens-3
906 712 951 751 et
964 709 1189 751 inhorruit
1203 710 1321 752 unda
1335 710 1547 755 tenebris,

234 775 331 829 Ipse
352 775 621 827 gubernator
637 779 772 831 puppi
790 778 1026 820 Palinurus
1045 780 1098 821 ab
1118 781 1203 821 alta
1223 795 1233 820 ε

238 857 257 880 α
274 845 372 884 Heu
390 844 399 882 Ξ
421 843 628 897 quianam
649 846 756 888 tanti
772 847 1010 888 cinxerunt
1028 847 1191 889 aethera
1207 848 1379 890 nimbi?

235 912 422 963 Quidve,
438 917 563 967 pater
581 917 811 968 Neptune.
835 916 988 969 paras?
1006 932 1021 953 n
1040 918 1110 960 Sic
1126 916 1287 960 deinde
1304 916 1496 966 locutus,

237 982 455 1036 Colligere
470 994 591 1025 arma
603 984 752 1035 jubet,
771 985 1015 1039 validisque
1028 987 1285 1028 incumbere
1312 988 1470 1035 remis;

238 1052 531 1105 obliquatque
553 1052 674 1093 sinus
697 1054 743 1093 in
761 1057 944 1094 ventum
960 1083 970 1101 ,
991 1064 1042 1095 ac
1072 1053 1172 1095 talia
1190 1053 1308 1095 tatur
1331 1069 1340 1092 2

221 1118 562 1174 *VMagnanime
576 1125 710 1165 AEnea
725 1152 735 1169 ‚
755 1133 846 1163 non
859 1152 869 1167 ‚
895 1123 931 1164 si
955 1122 1065 1163 mihi
1085 1125 1110 1163 J
1116 1122 1295 1177 uppiter
1315 1125 1471 1165 auctor

237 1191 485 1243 spondeat,
509 1193 591 1234 hoc
609 1203 783 1247 sperem
800 1193 974 1233 Italiam
994 1193 1256 1244 contingere
1271 1192 1400 1236 coelo.

239 1261 399 1302 Mutati
418 1263 667 1304 transversa
687 1260 906 1308 fremunt,
929 1264 976 1304 et
996 1272 1176 1315 vespere
1194 1262 1248 1303 ab
1271 1264 1368 1304 atro

240 1333 526 1382 Consurgunt
540 1330 686 1377 venti,
706 1333 838 1384 atque
858 1331 904 1371 in
922 1329 1091 1373 nubem
1108 1332 1282 1383 cogitur
1301 1332 1392 1374 aer.

244 1402 335 1442 Nec
351 1411 433 1442 nos
448 1400 590 1441 obniti
608 1403 789 1448 contra,
810 1411 895 1442 nec
913 1399 1098 1443 tendere
1120 1401 1307 1453 tantum,

241 1467 503 1511 sufficimus.
531 1472 717 1522 Superat
738 1469 948 1522 quoniam
969 1470 1178 1517 Fortuna,
1207 1481 1468 1524 sequamur3

241 1541 427 1592 Quoque
444 1541 594 1585 vocat,
616 1543 843 1582 vertamus
858 1539 943 1581 iter
965 1555 974 1578 :
998 1550 1080 1581 nec
1097 1539 1230 1581 litora
1250 1540 1381 1593 longe

239 1609 349 1650 Fida
367 1620 470 1650 reor
485 1608 676 1652 fraterna
690 1609 860 1660 Erycis,
881 1613 1125 1663 portusque
1139 1609 1319 1652 Sicanos
1331 1641 1341 1658 ,

241 1680 285 1720 Si
304 1678 434 1721 modo
445 1680 528 1721 rite
542 1669 715 1721 mernor
735 1682 907 1723 servata
931 1681 1144 1738 remetior
1163 1683 1292 1722 astra.
1308 1696 1326 1719 »

242 1752 350 1790 Tum
366 1750 461 1801 pius
480 1752 634 1790 AEneas
656 1766 666 1789 :
691 1763 708 1786 «
732 1750 973 1802 Equidem,
993 1750 1054 1791 sic
1077 1760 1257 1802 poscere
1275 1752 1431 1793 ventos

242 1816 539 1864 Jamdudum,
556 1822 600 1859 et
617 1817 779 1860 frustra
793 1828 927 1860 cerno
947 1822 991 1860 te
1012 1817 1193 1860 tendere
1215 1819 1387 1861 contra.

241 1885 388 1929 Flecte
408 1888 526 1928 viam
547 1887 668 1929 velis.
693 1892 762 1928 An
781 1886 955 1928 sitmihi
975 1886 1144 1939 gratior
1164 1886 1252 1927 ulla
1267 1917 1277 1935 ,

244 1957 397 2005 Quove
414 1956 552 2009 magis
573 1955 706 1999 fessas
725 1958 875 2011 optem
897 1954 1132 1998 demittere
1146 1967 1280 1998 naves
1296 1989 1305 2005 ,

243 2028 384 2076 Quam
404 2038 499 2079 quae
518 2027 794 2069 Dardanium
817 2028 946 2069 tellus
962 2026 1073 2068 mihi
1092 2028 1239 2069 servat
1258 2029 1448 2071 Acesten
1464 2059 1475 2081 ,

243 2098 297 2137 Et
315 2096 449 2150 patris
471 2096 677 2138 Anchisae
697 2097 866 2148 gremio
888 2095 1198 2149 complectitur
1226 2098 1376 2138 oss-atho

298 2167 404 2207 Haec
422 2165 497 2207 ubi
514 2165 651 2213 dicta,
672 2169 830 2218 petunt
854 2168 1031 2220 portus,
1049 2169 1093 2206 et
1111 2166 1207 2208 vela
1223 2166 1407 2209 secundi

245 2233 491 2276 Intendunt
509 2233 698 2289 Zephyri
727 2234 893 2276 :fertur
917 2237 1005 2277 cita
1025 2236 1201 2289 gurgite
1225 2236 1398 2285 classis;

247 2306 300 2345 Et
316 2304 495 2347 tandem
515 2305 603 2347 laeti
624 2309 739 2347 notae
758 2305 1053 2348 advertuntur
1073 2317 1232 2348 arente.

248 2375 307 2414 At
324 2376 480 2427 procul
500 2375 671 2417 excelso
687 2374 872 2416 miratus
889 2375 1056 2418 vertice
1070 2375 1235 2416 montis

250 2442 502 2488 Adventum
519 2445 749 2499 sociasque
767 2447 906 2493 rates,
924 2446 1123 2489 occurrit
1145 2448 1319 2489 Acestes
1337 2477 1347 2497 ‚
