1917 2942
232 338 305 378 667
743 336 904 375 Lli‘i‘Ess
936 337 1009 375 [x.
1460 337 1537 375 :577

235 424 345 464 Dant
364 422 560 463 sonitum
582 419 701 462 flictu
718 421 879 472 galeae3
903 431 1049 474 pugna
1069 429 1222 472 aspera
1242 419 1383 470 surgit
1404 435 1412 458 :

231 494 427 542 Quantus
443 491 495 532 ab
512 501 668 533 occasu
690 491 872 531 veniens
889 519 898 535 ‚
921 487 1186 543 pluvialibus
1206 487 1354 529 Haedis
1367 518 1376 533 ,

232 561 436 603 Verberat
449 561 589 602 imber
601 560 809 607 humum3
830 570 961 611 quam
976 559 1115 599 multa
1135 557 1350 610 grandine
1367 557 1508 597 nimbi

232 633 281 669 ln
298 630 408 671 vada
427 630 728 683 pioecipitant,
750 640 888 682 quum
904 628 1108 681 ¹luppiter
1132 626 1342 668 horridus
1365 628 1536 667 Austris

230 700 419 751 Torquet
432 708 639 750 aquosam
655 694 863 743 hiemem,
881 699 927 738 et
939 697 1051 738 coelo
1067 706 1173 737 cava
1190 695 1339 738 nubila
1353 694 1524 747 rumpit

276 764 504 807 Pandarus
524 768 568 807 et
586 766 718 806 Bitias
733 796 743 811 ‚
761 765 879 806 Idaeo
900 765 1118 807 Alcanore
1137 764 1272 811 creti,

230 835 347 882 Quos
368 833 492 874 ,Iovis
509 832 660 874 eduxit
680 832 777 873 luco
797 831 1010 874 silvestris
1028 833 1138 873 Iaera
1154 861 1165 878 ,

231 902 455 944 abietibus
464 897 651 953 juvenes
666 901 816 955 patriis
835 904 880 941 et
895 901 1116 942 montibus
1138 911 1287 953 aequos
1304 931 1314 947 ‚

230 972 409 1013 Portam
423 1002 433 1021 ‚
449 982 547 1024 quae
566 970 690 1012 ducis
710 970 898 1023 imperio
919 968 1174 1016 commissa,
1195 967 1433 1011 recludunt

228 1042 345 1083 Freti
370 1042 500 1082 armis
518 1072 527 1088 ,
548 1042 756 1094 ultroque
770 1041 966 1082 invitant
984 1038 1203 1080 moenibus
1216 1038 1408 1081 hostem..

232 1109 319 1163 ipsi
334 1109 453 1149 intus
469 1109 617 1151 dextra
635 1119 685 1150 ac
700 1109 807 1149 laeva
825 1119 905 1161 pro
926 1107 1119 1149 turribus
1137 1106 1311 1148 adsta-nt

231 1177 395 1219 Armati
410 1177 548 1226 ferro,
575 1179 619 1221 et
635 1178 775 1219 cristis
791 1177 933 1229 capita
954 1175 1041 1218 alta
1059 1178 1229 1219 corusci
1249 1193 1260 1217 ε

233 1248 387 1296 Quales
405 1247 533 1288 aeriae
555 1247 773 1299 liquentia
793 1244 974 1287 flumina
995 1246 1164 1288 circum
1180 1276 1191 1297 ‚

231 1318 328 1360 Sive
346 1317 456 1359 Padi
469 1318 578 1372 ripis
593 1349 603 1363 .
620 1315 816 1358 Athesim
837 1327 914 1357 seu
931 1322 1114 1369 propter
1132 1326 1356 1358 amcenuin
1371 1345 1384 1357 ι

233 1389 516 1439 Consurgunt
534 1386 722 1439 getninae
745 1397 958 1439 quercus,
980 1385 1249 1438 intonsaque
1269 1384 1383 1427 coelo

233 1457 467 1499 Adtollunt
482 1457 628 1510 capita
645 1488 654 1502 .
673 1459 718 1497 et
734 1455 913 1497 sublimi
932 1456 1099 1497 vertice
1116 1457 1289 1496 nutant.

232 1527 511 1578 Irrumpunt,
534 1525 678 1566 aditus
700 1524 852 1566 Rutuli
870 1525 1084 1566 utvidere
1102 1526 1317 1576 patentes,

230 1597 453 1637 Continuo
470 1596 722 1644 Quercens,
744 1597 788 1635 et
806 1593 989 1647 pulcher
1006 1593 1246 1647 Aquicolus
1265 1593 1396 1634 armis
1413 1623 1425 1637 l

230 1665 284 1702 Et
302 1673 498 1716 praeceps
516 1662 649 1704 animi
665 1665 848 1703 'l‘marus
867 1663 911 1703 et
929 1659 1172 1702 mavortius
1191 1663 1379 1701 Haemon
1400 1690 1407 1705 ,

232 1730 492 1783 Agminibus
511 1731 615 1773 totis
642 1733 718 1771 aut
736 1731 849 1773 versi
872 1735 987 1782 {erga
1009 1729 1197 1780 dedere.

233 1803 321 1841 Aut
339 1801 436 1855 ipso
456 1802 597 1854 porta}
612 1810 798 1854 posuere
817 1801 864 1841 in
879 1798 1030 1841 limine
1043 1800 1197 1840 vitam.

232 1872 340 1916 'sum
361 1871 499 1922 magis
518 1871 771 1912 increscunt
790 1871 946 1912 animis
962 1868 1240 1911 discordibus
1255 1870 1331 1909 irae
1349 1883 1359 1916 ς

234 1941 285 1979 Et
298 1941 390 1990 jam
412 1940 586 1982 collecti
604 1941 737 1982 Troes
756 1941 1056 1992 glomerantur
1073 1937 1253 1985 eodem,

234 2011 289 2050 Et
302 2008 505 2052 conferre
521 2021 704 2051 manum
727 2013 770 2052 et
792 2019 1052 2063 procurrere
1069 2009 1243 2060 longius
1267 2006 1444 2048 audent.

287 2080 467 2122 Ductori
486 2083 653 2131 'rui-no,
679 2080 852 2122 diversa
871 2081 918 2120 in
936 2081 1060 2133 parte
1079 2077 1241 2119 furenti
1257 2109 1267 2125 .

236 2150 534 2204 'l'urbantique
550 2151 695 2197 viros,
717 2149 1166 2205 perferturnuncius‚
1188 2147 1359 2190 hostem

239 2223 425 2262 Fervere
444 2218 564 2262 caede
580 2230 696 2261 nova
714 2250 722 2265 .
746 2223 790 2262 et
807 2223 960 2274 portas
978 2220 1177 2272 praehere
1195 2220 1412 2272 patentes.

242 2288 408 2329 Deserit
426 2288 651 2342 inceptum
671 2317 681 2333 ‚
703 2291 836 2343 atque
853 2287 1036 2329 immani
1056 2286 1257 2329 concitus
1276 2286 1343 2328 ira-

243 2358 508 2400 Dardaniam
524 2361 612 2400 ruit
627 2359 681 2399 ad
703 2363 878 2412 portam
894 2358 1136 2411 fratresque
1152 2357 1364 2411 superbos
1385 2373 1394 2395 ι

243 2431 293 2469 Et
317 2430 508 2481 primum
530 2429 813 2483 Antiphatvn,
842 2430 875 2470 is
895 2430 1012 2472 enim
1033 2441 1076 2470 se
1098 2427 1273 2481 primus
1284 2427 1431 2481 agr-hat
1450 2461 1456 2471 .

1332 2517 1383 2551 ἠΰς

1335 2542 1365 2553 ιιι
