1917 2942
223 321 297 360 24ss
748 320 909 358 LIBER
938 322 989 359 Χ.
1446 321 1516 359 591

273 407 450 448 Dixerat
471 422 480 445 :
502 407 546 447 et
563 405 714 447 dextra
732 404 961 447 discedens
982 405 1158 458 impulit
1173 406 1327 450 altam.

224 477 349 519 Haud
371 479 527 529 ignara
544 475 663 518 modi
683 507 693 524 ‚
713 477 913 531 puppim.
936 478 1068 529 Fugit
1082 477 1153 518 illa
1172 488 1250 530 per
1268 476 1411 518 undas

223 549 364 598 Ocyor
381 548 424 588 et
438 544 587 597 jaculo
607 547 653 586 et
666 547 822 585 ventos
842 548 1045 597 aequante
1063 544 1236 597 sagitta.

222 612 328 656 Inde
347 612 443 654 aliae
460 614 653 655 celerant
671 623 838 653 cursus.
860 614 1012 665 Stupet
1026 613 1187 654 inscius
1207 614 1301 667 ipse

222 686 325 724 Tros
348 682 663 729 Anchisiades3
685 683 853 723 animos
875 687 1022 724 tamen
1043 684 1191 724 omine
1210 681 1344 724 tollit.

221 755 329 793 Tum
342 752 537 793 breviter
549 761 707 805 supera
727 751 986 803 adspectans
1004 762 1196 794 convexa
1213 758 1420 805 precatur
1437 764 1450 787 τ

227 837 241 857 α
261 819 390 860 Alma
404 830 564 871 parens
583 819 701 859 Idaea
721 817 877 865 deum,
900 819 972 859 cui
994 817 1214 870 Dindyma
1235 819 1383 869 cordi,

224 888 557 940 Turrigeraeque
578 888 707 929 urbes
727 920 735 935 ‚
757 887 983 940 bijugique
1000 887 1054 929 ad
1070 887 1194 930 frena
1207 889 1382 937 leones3

223 964 284 1001 Tu
303 959 413 1001 mihi
436 971 555 1002 nunc
573 970 734 1012 pugnae
753 960 959 1012 princeps
980 989 988 1005 ‚
1013 962 1059 1000 tu
1075 960 1157 1000 rite
1177 959 1451 1012 propinques

224 1029 484 1082 Augurium.
508 1028 843 1082 Phrygibusque
859 1027 974 1069 adsis
992 1027 1119 1083 pede,
1145 1028 1262 1077 diva,
1278 1029 1489 1071 secundo.
1511 1046 1526 1064 a

222 1102 407 1141 Tantum
426 1097 607 1146 effatum
632 1102 676 1140 et
696 1100 862 1140 interea
881 1099 1081 1139 revoluta
1100 1099 1259 1140 ruebat

222 1172 389 1212 Matura
402 1170 494 1220 jam
514 1169 610 1210 luce
627 1168 744 1216 dies,
767 1170 1034 1221 noctemque
1055 1168 1240 1221 fugarat.

271 1239 495 1293 Principio
513 1240 642 1280 sociis
659 1229 816 1289 edicit,
843 1240 969 1289 signa
985 1241 1239 1291 sequantur,

223 1312 364 1362 Atque
384 1309 554 1350 animos
573 1311 727 1362 aptent
749 1309 904 1355 armis,
923 1319 1170 1362 pugnaeque
1185 1311 1343 1361 parent
1361 1318 1421 1349 se.

222 1382 406 1432 Jamque
422 1379 470 1419 in
490 1381 731 1432 conspectu
750 1382 940 1420 Teucros
956 1377 1087 1420 habet
1102 1381 1147 1420 et
1161 1390 1239 1420 sua
1257 1380 1423 1425 castra,

223 1450 347 1488 Stans
367 1446 481 1490 celsa
496 1449 542 1488 in
562 1448 699 1502 puppi
723 1461 732 1484 τ
754 1448 942 1501 clipeum
966 1459 1101 1500 quum
1121 1447 1281 1489 deinde
1302 1448 1477 1490 sinistra

222 1517 386 1558 Extulit
402 1516 649 1559 ardentem.
672 1517 922 1559 Clamorem
945 1517 1001 1559 ad
1021 1517 1163 1560 sidera
1183 1519 1350 1561 tollunt

223 1586 486 1628 Dardanidae
506 1598 530 1630 e
550 1587 685 1629 muris
704 1601 714 1623 ε
733 1599 830 1639 spes
851 1587 1001 1630 addita
1021 1590 1198 1630 suscitat
1216 1589 1318 1630 iras.

224 1656 324 1698 Tela
342 1667 473 1698 mauu
486 1657 676 1707 jaciunt.
693 1658 851 1708 Quales
868 1658 947 1699 sub
970 1657 1157 1699 nubibus
1176 1659 1279 1700 atris

220 1728 479 1777 Strymonia}
500 1726 607 1770 dant
625 1729 749 1780 signa
769 1739 921 1780 grues.
942 1730 1072 1781 atque
1088 1728 1252 1771 aethera
1274 1732 1454 1771 tranant

222 1798 327 1836 Cum
347 1796 513 1839 sonitu.
541 1794 805 1851 fugiuntque
826 1799 958 1839 Notos
976 1799 1169 1839 clamore
1188 1797 1398 1841 secundo³

225 1869 279 1909 At
291 1868 459 1910 Rutulo
477 1868 571 1920 regi
590 1869 860 1922 ducibusque
876 1880 926 1911 ea
940 1869 1054 1910 mira
1072 1868 1216 1910 videri

222 1938 447 1985 Ausonii33
468 1938 611 1981 donec
631 1951 776 1981 versas
797 1939 851 1980 ad
868 1938 998 1981 litora
1016 1950 1186 1992 puppes
1282 1986 1284 1988 ,

223 2008 500 2061 Respiciunt,
527 2010 757 2061 totumque
778 2008 920 2050 adlabi
940 2008 1144 2050 classibus
1165 2019 1330 2062 aequor.

224 2078 357 2120 Ardet
373 2090 482 2131 apex
503 2080 635 2131 capiti
653 2111 662 2126 ,
685 2079 913 2132 cristisque
929 2091 979 2122 ac
999 2079 1164 2121 vertice
1182 2077 1358 2122 flamma

221 2148 450 2195 Funditur,
473 2152 516 2190 et
532 2152 680 2190 vastos
698 2148 834 2190 umbo
857 2150 998 2190 vomit
1018 2160 1177 2192 aureus
1194 2149 1318 2202 ignes
1337 2166 1347 2189 ι

223 2218 319 2259 Non
339 2228 462 2261 secus
477 2229 528 2261 ac
541 2217 707 2270 liquida
722 2219 950 2271 siquando
968 2224 1100 2261 nocte
1120 2223 1303 2262 cometae

220 2287 453 2339 sanguinei
472 2286 658 2340 lugubre
678 2287 863 2333 rubent,
888 2290 962 2328 aut
982 2289 1119 2331 Sirius
1139 2289 1296 2331 ardor:

223 2356 295 2396 ille
310 2357 426 2399 sitim
445 2358 715 2410 morbosque
735 2358 881 2401 ferens
901 2360 1160 2402 mortalibus
1178 2361 1310 2413 aegris.

224 2426 434 2473 Nascitur,
455 2430 497 2470 et
515 2428 626 2470 laevo
647 2428 878 2471 contristat
895 2428 1059 2471 lumine
1085 2431 1260 2472 coelum.
