1917 2942
389 343 468 381 370
909 341 1169 381 AENEIDOS
1617 343 1692 381 ⁴57

388 431 647 480 Agnoscunt
660 427 802 480 spolia
816 427 933 468 inter
950 437 1009 474 se,
1030 427 1287 480 galeamque
1309 428 1523 469 nitentem

390 497 573 550 Messapi
590 527 600 544 ‚
623 499 667 539 et
684 497 824 538 multo
842 496 1041 550 phaleras
1057 497 1220 538 sudore
1234 499 1447 550 receptas.

444 569 496 607 Et
511 568 602 618 jam
621 567 760 619 prima
774 578 894 608 novo
913 565 1146 620 spargebat
1164 566 1331 608 lumine
1352 569 1487 609 terras

390 636 567 678 Tithoni
582 647 791 678 croceum
807 636 1009 689 linquens
1024 642 1198 678 Aurora
1217 635 1358 678 cubile
1382 653 1390 676 ι

390 709 491 746 Jam
504 705 596 747 sole
615 703 775 755 infuso,
791 706 882 754 jam
902 705 1030 746 rebus
1045 704 1142 746 luce
1162 705 1339 747 retectis
1355 736 1368 755 ,

391 779 560 816 Turnus
580 775 627 814 in
646 785 767 815 arma
788 775 906 815 viros
922 804 932 822 ‚
955 774 1087 815 armis
1105 772 1403 816 circumdatus
1422 775 1514 826 ipse
1529 807 1538 821 ‚

391 844 600 888 suscitat:
624 847 864 897 aeratasque
882 844 994 886 acies
1011 844 1056 884 in
1075 844 1222 897 praelia
1239 845 1380 896 cogit,

393 914 589 965 Quisque
609 923 708 953 suos
721 944 731 961 ,
752 913 970 964 variisque
989 914 1153 953 acuunt
1171 913 1421 953 rumoribus
1440 913 1538 955 iras.

394 985 513 1034 Quin
530 983 621 1037 ipsa
641 983 830 1025 adrectis
849 984 966 1033 (visu
986 982 1250 1033 miserabile)
1270 983 1315 1024 in
1334 982 1469 1025 hastis

394 1052 633 1106 Praefigunt
652 1053 795 1107 capita
810 1085 819 1102 ,
838 1057 881 1094 et
901 1052 1041 1095 multo
1062 1052 1254 1094 clamore
1279 1053 1540 1106 sequuntur,

394 1123 570 1176 Euryali
591 1126 633 1165 et
649 1122 753 1165 Nisi.

448 1193 650 1235 AEneadae
667 1193 765 1235 duri
781 1202 1010 1234 murorum
1024 1192 1071 1232 in
1089 1193 1214 1245 parte
1229 1190 1400 1233 sinistra

395 1266 654 1318 opposuere
674 1265 813 1306 aciem
833 1295 841 1309 .
871 1274 973 1304 nam
995 1262 1169 1304 dextera
1190 1262 1384 1312 cingitur
1403 1263 1534 1307 amni.

396 1336 690 1385 Ingentesque
710 1334 864 1375 tenent
883 1331 1015 1374 fossas
1031 1362 1042 1381 ‚
1064 1335 1107 1373 et
1124 1331 1314 1372 turribus
1331 1330 1426 1371 altis

396 1407 523 1445 Stant
538 1403 675 1444 maesti
694 1415 704 1439 z
723 1402 855 1444 simul
876 1412 955 1444 ora
975 1401 1116 1442 virum
1132 1401 1308 1456 praelixa
1325 1403 1586 1448 movebant,

398 1477 509 1517 Nota
530 1474 660 1516 nimis
678 1473 847 1516 miseris
866 1505 874 1520 ,
896 1478 1081 1526 atroque
1100 1470 1280 1515 fluentia
1298 1473 1416 1515 taho.

398 1545 573 1586 Interea
592 1542 796 1596 pavidam
810 1542 998 1584 volitans
1014 1545 1204 1593 pennata
1220 1553 1300 1595 per
1316 1543 1469 1583 urbem

400 1612 562 1654 Nuntia
580 1614 712 1653 Fama
727 1612 836 1656 ruit.
860 1611 1101 1664 matrisque
1116 1611 1336 1653 adlabitur
1352 1624 1481 1655 aures

400 1681 594 1733 Euryali.
618 1684 674 1723 At
690 1679 856 1722 subitus
872 1682 1041 1722 miserae
1058 1683 1177 1723 calor
1191 1693 1284 1723 ossa
1303 1682 1495 1736 reliquit.

400 1750 577 1793 Excussi
596 1750 796 1792 manibus
814 1750 950 1801 radii,
975 1750 1261 1803 revolutaque
1276 1763 1426 1804 pensa.

399 1821 554 1862 Evolat
576 1818 751 1868 infelix3
773 1822 817 1862 et
837 1819 1026 1862 femineo
1041 1820 1233 1866 ululatu,

399 1890 542 1932 Scissa
557 1899 754 1937 comam,
776 1899 927 1931 muros
943 1900 1093 1931 amens
1108 1892 1240 1942 atque
1260 1889 1433 1942 agmina
1453 1899 1581 1930 cursu

402 1963 550 2002 Prima
567 1961 675 2014 petit
692 1973 702 1997 ε
720 1971 812 2002 non
834 1960 905 2003 illa
919 1962 1090 2006 virum,
1115 1971 1208 2001 non
1226 1960 1299 2001 illa
1316 1959 1469 2013 pericli
1488 1992 1496 2009 ‚

401 2032 696 2083 'selorumque
715 2040 886 2071 memor
902 2047 910 2075 ;
931 2030 1091 2072 coelum
1109 2029 1271 2071 dehinc
1289 2030 1512 2082 questibus
1524 2029 1705 2081 implet:

406 2115 423 2138 «
445 2102 575 2142 Hunc
591 2110 674 2152 ego
691 2102 732 2141 te
746 2132 759 2149 ‚
789 2099 1002 2152 Euryale,
1024 2099 1252 2152 adspicio?
1272 2099 1377 2140 tune
1395 2097 1483 2144 ille,
1505 2103 1694 2141 senectae

402 2175 506 2214 Sera
524 2181 632 2212 meae
647 2170 823 2223 requies
841 2202 850 2217 ‚
875 2170 1054 2224 potuisti
1075 2170 1275 2222 linquere
1292 2168 1455 2215 solam,

404 2239 626 2282 Crudelis?
642 2250 724 2282 nec
746 2242 810 2287 te,
836 2239 916 2281 sub
937 2242 1055 2281 tanta
1076 2237 1272 2292 pericula
1290 2237 1469 2279 missum
1489 2267 1498 2289 ‚

406 2308 558 2351 Adsari
575 2312 819 2351 extremum
832 2307 1002 2350 miserae
1023 2308 1125 2349 data
1143 2307 1269 2361 copia
1289 2307 1450 2347 matri?

408 2380 532 2419 Heu!
553 2381 672 2420 terra
688 2378 838 2430 ignota
856 2377 1037 2420 canibus
1057 2376 1158 2418 date
1174 2376 1321 2430 praeda
1341 2377 1502 2418 Latinis

408 2447 682 2501 Alitihusque
697 2448 838 2499 jaces!
859 2458 941 2490 nec
962 2449 1002 2490 te
1020 2450 1092 2490 tua
1117 2446 1267 2488 funera
1286 2448 1425 2488 mater
