<?xml version="1.0" encoding="UTF-8"?>
<!DOCTYPE html PUBLIC "-//W3C//DTD XHTML 1.0 Transitional//EN"
    "http://www.w3.org/TR/xhtml1/DTD/xhtml1-transitional.dtd">
<html xmlns="http://www.w3.org/1999/xhtml" xml:lang="en" lang="en">
 <head>
  <title>
</title>
<meta http-equiv="Content-Type" content="text/html;charset=utf-8" />
  <meta name='ocr-system' content='tesseract 3.04.00' />
  <meta name='ocr-capabilities' content='ocr_page ocr_carea ocr_par ocr_line ocrx_word'/>
</head>
<body>
  <div class='ocr_page' id='page_1' title='image "./publiivirgiliim01unkngoog_0377.png"; bbox 0 0 1917 2942; ppageno 0'>
   <div class='ocr_carea' id='block_1_1' title="bbox 232 329 1014 368">
    <p class='ocr_par' dir='ltr' id='par_1_1' title="bbox 232 329 1014 368">
     <span class='ocr_line' id='line_1_1' title="bbox 232 329 1014 368; baseline 0 -1"><span class='ocrx_word' id='word_1_1' title='bbox 232 329 306 367; x_wconf 60' lang='lat'><strong>307</strong></span> <span class='ocrx_word' id='word_1_2' title='bbox 746 329 910 368; x_wconf 80' lang='lat' dir='ltr'><strong>LlBER</strong></span> <span class='ocrx_word' id='word_1_3' title='bbox 943 329 1014 367; x_wconf 81' lang='lat' dir='ltr'><strong>tx.</strong></span> 
     </span>
    </p>
   </div>
   <div class='ocr_carea' id='block_1_2' title="bbox 236 413 1504 2484">
    <p class='ocr_par' dir='ltr' id='par_1_2' title="bbox 236 413 1465 1365">
     <span class='ocr_line' id='line_1_2' title="bbox 237 413 1354 466; baseline 0.004 -15"><span class='ocrx_word' id='word_1_4' title='bbox 237 416 292 453; x_wconf 81' lang='lat' dir='ltr'><strong>At</strong></span> <span class='ocrx_word' id='word_1_5' title='bbox 312 413 479 464; x_wconf 81' lang='lat' dir='ltr'><strong>patiens</strong></span> <span class='ocrx_word' id='word_1_6' title='bbox 500 423 685 464; x_wconf 81' lang='lat' dir='ltr'><strong>operum</strong></span> <span class='ocrx_word' id='word_1_7' title='bbox 707 424 933 466; x_wconf 82' lang='lat' dir='ltr'><strong>parvoque</strong></span> <span class='ocrx_word' id='word_1_8' title='bbox 951 413 1131 455; x_wconf 80' lang='lat' dir='ltr'><strong>adsueta</strong></span> <span class='ocrx_word' id='word_1_9' title='bbox 1145 415 1354 465; x_wconf 86' lang='lat' dir='ltr'><strong>juventus</strong></span> 
     </span>
     <span class='ocr_line' id='line_1_3' title="bbox 237 481 1430 537; baseline 0.003 -15"><span class='ocrx_word' id='word_1_10' title='bbox 237 484 322 522; x_wconf 79' lang='lat' dir='ltr'><strong>Ant</strong></span> <span class='ocrx_word' id='word_1_11' title='bbox 339 481 485 524; x_wconf 69' lang='lat' dir='ltr'><strong>rastris</strong></span> <span class='ocrx_word' id='word_1_12' title='bbox 507 485 668 523; x_wconf 80' lang='lat' dir='ltr'><strong>terram</strong></span> <span class='ocrx_word' id='word_1_13' title='bbox 685 482 859 532; x_wconf 80' lang='lat' dir='ltr'><strong>domat,</strong></span> <span class='ocrx_word' id='word_1_14' title='bbox 878 490 947 524; x_wconf 74' lang='lat' dir='ltr'><strong>aul</strong></span> <span class='ocrx_word' id='word_1_15' title='bbox 970 484 1110 536; x_wconf 82' lang='lat' dir='ltr'><strong>quatit</strong></span> <span class='ocrx_word' id='word_1_16' title='bbox 1126 483 1286 537; x_wconf 77' lang='lat' dir='ltr'><strong>oppida</strong></span> <span class='ocrx_word' id='word_1_17' title='bbox 1303 484 1430 526; x_wconf 83' lang='lat' dir='ltr'><strong>bello.</strong></span> 
     </span>
     <span class='ocr_line' id='line_1_4' title="bbox 238 550 1342 604; baseline 0.003 -13"><span class='ocrx_word' id='word_1_18' title='bbox 238 555 376 592; x_wconf 85' lang='lat' dir='ltr'><strong>Omne</strong></span> <span class='ocrx_word' id='word_1_19' title='bbox 394 563 533 593; x_wconf 77' lang='lat' dir='ltr'><strong>aevum</strong></span> <span class='ocrx_word' id='word_1_20' title='bbox 555 550 671 594; x_wconf 85' lang='lat' dir='ltr'><strong>ferro</strong></span> <span class='ocrx_word' id='word_1_21' title='bbox 693 553 862 603; x_wconf 82' lang='lat' dir='ltr'><strong>teritur,</strong></span> <span class='ocrx_word' id='word_1_22' title='bbox 881 563 1092 604; x_wconf 79' lang='lat' dir='ltr'><strong>versaque</strong></span> <span class='ocrx_word' id='word_1_23' title='bbox 1100 553 1342 604; x_wconf 72' lang='lat' dir='ltr'><strong>juvencsmi</strong></span> 
     </span>
     <span class='ocr_line' id='line_1_5' title="bbox 236 621 1244 675; baseline 0.002 -12"><span class='ocrx_word' id='word_1_24' title='bbox 236 627 369 674; x_wconf 77' lang='lat' dir='ltr'><strong>Terga</strong></span> <span class='ocrx_word' id='word_1_25' title='bbox 384 621 614 675; x_wconf 79' lang='lat' dir='ltr'><strong>fatigamus</strong></span> <span class='ocrx_word' id='word_1_26' title='bbox 630 622 778 671; x_wconf 84' lang='lat' dir='ltr'><strong>hasta;</strong></span> <span class='ocrx_word' id='word_1_27' title='bbox 800 634 883 665; x_wconf 88' lang='lat' dir='ltr'><strong>nec</strong></span> <span class='ocrx_word' id='word_1_28' title='bbox 902 623 1024 665; x_wconf 79' lang='lat' dir='ltr'><strong>tarda</strong></span> <span class='ocrx_word' id='word_1_29' title='bbox 1042 627 1244 665; x_wconf 82' lang='lat' dir='ltr'><strong>senectus</strong></span> 
     </span>
     <span class='ocr_line' id='line_1_6' title="bbox 238 691 1235 744; baseline 0.002 -15"><span class='ocrx_word' id='word_1_30' title='bbox 238 691 442 732; x_wconf 80' lang='lat' dir='ltr'><strong>Debilitat</strong></span> <span class='ocrx_word' id='word_1_31' title='bbox 467 692 577 732; x_wconf 83' lang='lat' dir='ltr'><strong>vires</strong></span> <span class='ocrx_word' id='word_1_32' title='bbox 597 692 730 732; x_wconf 76' lang='lat' dir='ltr'><strong>animi</strong></span> <span class='ocrx_word' id='word_1_33' title='bbox 748 721 757 736; x_wconf 83' lang='lat'><strong>‚</strong></span> <span class='ocrx_word' id='word_1_34' title='bbox 776 694 1001 744; x_wconf 81' lang='lat' dir='ltr'><strong>mutatque</strong></span> <span class='ocrx_word' id='word_1_35' title='bbox 1022 692 1235 743; x_wconf 85' lang='lat' dir='ltr'><strong>vigorem.</strong></span> 
     </span>
     <span class='ocr_line' id='line_1_7' title="bbox 237 761 1358 815; baseline 0.001 -14"><span class='ocrx_word' id='word_1_36' title='bbox 237 761 448 803; x_wconf 73' lang='lat' dir='ltr'><strong>canitiem</strong></span> <span class='ocrx_word' id='word_1_37' title='bbox 464 762 587 813; x_wconf 81' lang='lat' dir='ltr'>galea</span> <span class='ocrx_word' id='word_1_38' title='bbox 600 763 865 814; x_wconf 77' lang='lat' dir='ltr'><strong>premimu33</strong></span> <span class='ocrx_word' id='word_1_39' title='bbox 883 773 1142 815; x_wconf 81' lang='lat' dir='ltr'><strong>semperque</strong></span> <span class='ocrx_word' id='word_1_40' title='bbox 1160 764 1358 804; x_wconf 82' lang='lat' dir='ltr'><strong>recentes</strong></span> 
     </span>
     <span class='ocr_line' id='line_1_8' title="bbox 238 830 1279 884; baseline 0 -15"><span class='ocrx_word' id='word_1_41' title='bbox 238 831 663 883; x_wconf 69' lang='lat' dir='ltr'><strong>comportarejuvat</strong></span> <span class='ocrx_word' id='word_1_42' title='bbox 682 830 851 884; x_wconf 59' lang='lat' dir='ltr'><strong>praedas</strong></span> <span class='ocrx_word' id='word_1_43' title='bbox 870 862 879 875; x_wconf 83' lang='grc'><strong>.</strong></span> <span class='ocrx_word' id='word_1_44' title='bbox 902 833 947 871; x_wconf 90' lang='lat' dir='ltr'><strong>et</strong></span> <span class='ocrx_word' id='word_1_45' title='bbox 971 831 1117 872; x_wconf 84' lang='lat' dir='ltr'><strong>vivere</strong></span> <span class='ocrx_word' id='word_1_46' title='bbox 1137 833 1279 881; x_wconf 78' lang='lat' dir='ltr'><strong>rapto.</strong></span> 
     </span>
     <span class='ocr_line' id='line_1_9' title="bbox 239 896 1377 951; baseline 0.003 -15"><span class='ocrx_word' id='word_1_47' title='bbox 239 897 369 939; x_wconf 85' lang='lat' dir='ltr'><strong>Vobis</strong></span> <span class='ocrx_word' id='word_1_48' title='bbox 390 898 503 951; x_wconf 79' lang='lat' dir='ltr'><strong>picta</strong></span> <span class='ocrx_word' id='word_1_49' title='bbox 525 908 658 939; x_wconf 84' lang='lat' dir='ltr'><strong>croco</strong></span> <span class='ocrx_word' id='word_1_50' title='bbox 674 928 682 943; x_wconf 91' lang='lat'>,</span> <span class='ocrx_word' id='word_1_51' title='bbox 701 900 744 938; x_wconf 79' lang='lat' dir='ltr'><strong>et</strong></span> <span class='ocrx_word' id='word_1_52' title='bbox 762 896 946 950; x_wconf 81' lang='lat' dir='ltr'><strong>fulgenti</strong></span> <span class='ocrx_word' id='word_1_53' title='bbox 964 897 1133 939; x_wconf 84' lang='lat' dir='ltr'><strong>murice</strong></span> <span class='ocrx_word' id='word_1_54' title='bbox 1150 928 1162 949; x_wconf 90' lang='lat'><strong><em>‚</em></strong></span> <span class='ocrx_word' id='word_1_55' title='bbox 1180 898 1337 944; x_wconf 64' lang='lat' dir='ltr'><strong>x·estis;</strong></span> <span class='ocrx_word' id='word_1_56' title='bbox 1375 903 1377 905; x_wconf 75' lang='grc'><strong><em>’</em></strong></span> 
     </span>
     <span class='ocr_line' id='line_1_10' title="bbox 240 965 1199 1018; baseline 0.004 -13"><span class='ocrx_word' id='word_1_57' title='bbox 240 965 423 1007; x_wconf 66' lang='lat' dir='ltr'><strong>Desidia]</strong></span> <span class='ocrx_word' id='word_1_58' title='bbox 444 965 566 1009; x_wconf 81' lang='lat' dir='ltr'><strong>cordi</strong></span> <span class='ocrx_word' id='word_1_59' title='bbox 587 968 739 1016; x_wconf 80' lang='lat' dir='ltr'><strong>;juvat</strong></span> <span class='ocrx_word' id='word_1_60' title='bbox 753 965 984 1018; x_wconf 80' lang='lat' dir='ltr'><strong>indulgere</strong></span> <span class='ocrx_word' id='word_1_61' title='bbox 1005 965 1199 1014; x_wconf 81' lang='lat' dir='ltr'><strong>choreis;</strong></span> 
     </span>
     <span class='ocr_line' id='line_1_11' title="bbox 239 1035 1397 1081; baseline 0.004 -8"><span class='ocrx_word' id='word_1_62' title='bbox 239 1037 290 1075; x_wconf 88' lang='lat' dir='ltr'><strong>Et</strong></span> <span class='ocrx_word' id='word_1_63' title='bbox 306 1036 467 1076; x_wconf 80' lang='lat' dir='ltr'><strong>tunicae</strong></span> <span class='ocrx_word' id='word_1_64' title='bbox 487 1035 703 1081; x_wconf 79' lang='lat' dir='ltr'><strong>manicas,</strong></span> <span class='ocrx_word' id='word_1_65' title='bbox 725 1038 768 1077; x_wconf 84' lang='lat' dir='ltr'><strong>et</strong></span> <span class='ocrx_word' id='word_1_66' title='bbox 785 1035 949 1077; x_wconf 81' lang='lat' dir='ltr'><strong>habent</strong></span> <span class='ocrx_word' id='word_1_67' title='bbox 966 1035 1226 1078; x_wconf 77' lang='lat' dir='ltr'><strong>redimicula</strong></span> <span class='ocrx_word' id='word_1_68' title='bbox 1244 1037 1397 1079; x_wconf 82' lang='lat' dir='ltr'><strong>mitrae.</strong></span> 
     </span>
     <span class='ocr_line' id='line_1_12' title="bbox 240 1105 1462 1160; baseline 0.002 -15"><span class='ocrx_word' id='word_1_69' title='bbox 240 1108 274 1145; x_wconf 92' lang='grc' dir='ltr'><strong>Ο</strong></span> <span class='ocrx_word' id='word_1_70' title='bbox 292 1115 396 1147; x_wconf 82' lang='lat' dir='ltr'><strong>vere</strong></span> <span class='ocrx_word' id='word_1_71' title='bbox 412 1105 642 1157; x_wconf 72' lang='lat' dir='ltr'><strong>Phrygiae,</strong></span> <span class='ocrx_word' id='word_1_72' title='bbox 664 1116 807 1157; x_wconf 80' lang='lat' dir='ltr'><strong>neque</strong></span> <span class='ocrx_word' id='word_1_73' title='bbox 827 1106 945 1147; x_wconf 89' lang='lat' dir='ltr'><strong>enim</strong></span> <span class='ocrx_word' id='word_1_74' title='bbox 962 1105 1159 1158; x_wconf 78' lang='lat' dir='ltr'><strong>Phryges</strong></span> <span class='ocrx_word' id='word_1_75' title='bbox 1178 1137 1187 1152; x_wconf 91' lang='lat'><strong>‚</strong></span> <span class='ocrx_word' id='word_1_76' title='bbox 1206 1106 1266 1148; x_wconf 86' lang='lat' dir='ltr'><strong>ite</strong></span> <span class='ocrx_word' id='word_1_77' title='bbox 1282 1118 1363 1160; x_wconf 85' lang='lat' dir='ltr'><strong>per</strong></span> <span class='ocrx_word' id='word_1_78' title='bbox 1378 1107 1462 1148; x_wconf 80' lang='lat' dir='ltr'><strong>alta</strong></span> 
     </span>
     <span class='ocr_line' id='line_1_13' title="bbox 243 1173 1418 1226; baseline 0.002 -13"><span class='ocrx_word' id='word_1_79' title='bbox 243 1174 460 1226; x_wconf 77' lang='lat' dir='ltr'>Dindyma</span> <span class='ocrx_word' id='word_1_80' title='bbox 477 1205 486 1221; x_wconf 93' lang='lat'><em>,</em></span> <span class='ocrx_word' id='word_1_81' title='bbox 508 1175 581 1217; x_wconf 86' lang='lat' dir='ltr'><strong>ubi</strong></span> <span class='ocrx_word' id='word_1_82' title='bbox 599 1174 788 1217; x_wconf 81' lang='lat' dir='ltr'><strong>adsuetis</strong></span> <span class='ocrx_word' id='word_1_83' title='bbox 803 1173 989 1216; x_wconf 79' lang='lat' dir='ltr'><strong>biforem</strong></span> <span class='ocrx_word' id='word_1_84' title='bbox 1010 1175 1086 1217; x_wconf 81' lang='lat' dir='ltr'><strong>dat</strong></span> <span class='ocrx_word' id='word_1_85' title='bbox 1103 1175 1208 1217; x_wconf 86' lang='lat' dir='ltr'><strong>tibia</strong></span> <span class='ocrx_word' id='word_1_86' title='bbox 1224 1179 1418 1218; x_wconf 84' lang='lat' dir='ltr'><strong>cantum.</strong></span> 
     </span>
     <span class='ocr_line' id='line_1_14' title="bbox 239 1244 1465 1296; baseline 0 -13"><span class='ocrx_word' id='word_1_87' title='bbox 239 1247 464 1296; x_wconf 77' lang='lat' dir='ltr'><strong>Tympana</strong></span> <span class='ocrx_word' id='word_1_88' title='bbox 483 1255 559 1285; x_wconf 85' lang='lat' dir='ltr'><strong>vos</strong></span> <span class='ocrx_word' id='word_1_89' title='bbox 580 1244 802 1296; x_wconf 83' lang='lat' dir='ltr'><strong>buxusque</strong></span> <span class='ocrx_word' id='word_1_90' title='bbox 820 1245 983 1285; x_wconf 83' lang='lat' dir='ltr'><strong>vocant</strong></span> <span class='ocrx_word' id='word_1_91' title='bbox 999 1244 1290 1295; x_wconf 75' lang='lat' dir='ltr'><strong>Berecynthia</strong></span> <span class='ocrx_word' id='word_1_92' title='bbox 1312 1247 1465 1286; x_wconf 69' lang='lat' dir='ltr'><strong>matris</strong></span> 
     </span>
     <span class='ocr_line' id='line_1_15' title="bbox 241 1311 1237 1365; baseline -0.001 -12"><span class='ocrx_word' id='word_1_93' title='bbox 241 1316 380 1355; x_wconf 60' lang='lat' dir='ltr'><strong>Idaeae.</strong></span> <span class='ocrx_word' id='word_1_94' title='bbox 406 1315 541 1357; x_wconf 82' lang='lat' dir='ltr'><strong>sinite</strong></span> <span class='ocrx_word' id='word_1_95' title='bbox 560 1324 680 1355; x_wconf 82' lang='lat' dir='ltr'><strong>arma</strong></span> <span class='ocrx_word' id='word_1_96' title='bbox 693 1314 821 1365; x_wconf 81' lang='lat' dir='ltr'><strong>viris,</strong></span> <span class='ocrx_word' id='word_1_97' title='bbox 840 1320 883 1356; x_wconf 90' lang='lat' dir='ltr'><strong>et</strong></span> <span class='ocrx_word' id='word_1_98' title='bbox 902 1314 1044 1356; x_wconf 85' lang='lat' dir='ltr'><strong>cedite</strong></span> <span class='ocrx_word' id='word_1_99' title='bbox 1061 1311 1194 1355; x_wconf 82' lang='lat' dir='ltr'><strong>ferro.</strong></span> <span class='ocrx_word' id='word_1_100' title='bbox 1218 1329 1237 1352; x_wconf 81' lang='lat'><strong>»</strong></span> 
     </span>
    </p>

    <p class='ocr_par' dir='ltr' id='par_1_3' title="bbox 240 1383 1504 2484">
     <span class='ocr_line' id='line_1_16' title="bbox 292 1383 1294 1436; baseline 0.003 -11"><span class='ocrx_word' id='word_1_101' title='bbox 292 1385 408 1426; x_wconf 81' lang='lat' dir='ltr'><strong>Talia</strong></span> <span class='ocrx_word' id='word_1_102' title='bbox 422 1386 662 1436; x_wconf 82' lang='lat' dir='ltr'><strong>jactantem</strong></span> <span class='ocrx_word' id='word_1_103' title='bbox 684 1383 836 1429; x_wconf 84' lang='lat' dir='ltr'><strong>dietis,</strong></span> <span class='ocrx_word' id='word_1_104' title='bbox 856 1394 905 1425; x_wconf 80' lang='lat' dir='ltr'><strong>ae</strong></span> <span class='ocrx_word' id='word_1_105' title='bbox 927 1383 1022 1425; x_wconf 82' lang='lat' dir='ltr'><strong>dira</strong></span> <span class='ocrx_word' id='word_1_106' title='bbox 1037 1386 1294 1428; x_wconf 82' lang='lat' dir='ltr'><strong>canentem.</strong></span> 
     </span>
     <span class='ocr_line' id='line_1_17' title="bbox 244 1454 1362 1507; baseline 0.002 -14"><span class='ocrx_word' id='word_1_107' title='bbox 244 1456 279 1493; x_wconf 90' lang='lat' dir='ltr'>N</span> <span class='ocrx_word' id='word_1_108' title='bbox 284 1464 343 1495; x_wconf 86' lang='lat' dir='ltr'><strong>on</strong></span> <span class='ocrx_word' id='word_1_109' title='bbox 361 1454 458 1496; x_wconf 89' lang='lat' dir='ltr'><strong>tulit</strong></span> <span class='ocrx_word' id='word_1_110' title='bbox 474 1454 684 1495; x_wconf 80' lang='lat' dir='ltr'><strong>Ascanius</strong></span> <span class='ocrx_word' id='word_1_111' title='bbox 701 1470 711 1501; x_wconf 89' lang='lat'>;</span> <span class='ocrx_word' id='word_1_112' title='bbox 732 1464 958 1506; x_wconf 82' lang='lat' dir='ltr'><strong>nervoque</strong></span> <span class='ocrx_word' id='word_1_113' title='bbox 972 1454 1179 1496; x_wconf 79' lang='lat' dir='ltr'><strong>obversus</strong></span> <span class='ocrx_word' id='word_1_114' title='bbox 1197 1455 1362 1507; x_wconf 82' lang='lat' dir='ltr'><strong>equino</strong></span> 
     </span>
     <span class='ocr_line' id='line_1_18' title="bbox 242 1522 1267 1576; baseline 0.001 -13"><span class='ocrx_word' id='word_1_115' title='bbox 242 1524 434 1564; x_wconf 83' lang='lat' dir='ltr'><strong>Intendit</strong></span> <span class='ocrx_word' id='word_1_116' title='bbox 455 1523 592 1565; x_wconf 83' lang='lat' dir='ltr'><strong>telum</strong></span> <span class='ocrx_word' id='word_1_117' title='bbox 608 1554 616 1567; x_wconf 84' lang='lat'><strong>.</strong></span> <span class='ocrx_word' id='word_1_118' title='bbox 636 1522 892 1576; x_wconf 83' lang='lat' dir='ltr'><strong>diversaque</strong></span> <span class='ocrx_word' id='word_1_119' title='bbox 907 1523 1085 1564; x_wconf 80' lang='lat' dir='ltr'><strong>brachia</strong></span> <span class='ocrx_word' id='word_1_120' title='bbox 1101 1523 1267 1566; x_wconf 85' lang='lat' dir='ltr'><strong>ducens</strong></span> 
     </span>
     <span class='ocr_line' id='line_1_19' title="bbox 241 1592 1436 1646; baseline 0.003 -16"><span class='ocrx_word' id='word_1_121' title='bbox 241 1592 469 1636; x_wconf 80' lang='lat' dir='ltr'><strong>Constitit.</strong></span> <span class='ocrx_word' id='word_1_122' title='bbox 493 1595 594 1633; x_wconf 83' lang='lat' dir='ltr'><strong>ante</strong></span> <span class='ocrx_word' id='word_1_123' title='bbox 616 1594 773 1633; x_wconf 73' lang='lat' dir='ltr'><strong>Jovem</strong></span> <span class='ocrx_word' id='word_1_124' title='bbox 793 1592 972 1645; x_wconf 78' lang='lat' dir='ltr'><strong>supplex</strong></span> <span class='ocrx_word' id='word_1_125' title='bbox 990 1603 1068 1645; x_wconf 81' lang='lat' dir='ltr'><strong>per</strong></span> <span class='ocrx_word' id='word_1_126' title='bbox 1088 1595 1191 1634; x_wconf 83' lang='lat' dir='ltr'><strong>vota</strong></span> <span class='ocrx_word' id='word_1_127' title='bbox 1210 1597 1436 1646; x_wconf 77' lang='lat' dir='ltr'><strong>precatus:</strong></span> 
     </span>
     <span class='ocr_line' id='line_1_20' title="bbox 240 1660 1374 1715; baseline 0.004 -16"><span class='ocrx_word' id='word_1_128' title='bbox 240 1661 446 1714; x_wconf 78' lang='lat' dir='ltr'><strong>Juppiter</strong></span> <span class='ocrx_word' id='word_1_129' title='bbox 463 1661 766 1715; x_wconf 85' lang='lat' dir='ltr'><strong>omnipotens,</strong></span> <span class='ocrx_word' id='word_1_130' title='bbox 785 1660 1019 1702; x_wconf 80' lang='lat' dir='ltr'><strong>audacibus</strong></span> <span class='ocrx_word' id='word_1_131' title='bbox 1039 1661 1183 1703; x_wconf 85' lang='lat' dir='ltr'><strong>adnue</strong></span> <span class='ocrx_word' id='word_1_132' title='bbox 1202 1663 1374 1715; x_wconf 80' lang='lat' dir='ltr'><strong>coeptis.</strong></span> 
     </span>
     <span class='ocr_line' id='line_1_21' title="bbox 243 1730 1342 1785; baseline 0.005 -17"><span class='ocrx_word' id='word_1_133' title='bbox 243 1731 337 1783; x_wconf 86' lang='lat' dir='ltr'><strong>Ipse</strong></span> <span class='ocrx_word' id='word_1_134' title='bbox 359 1731 435 1771; x_wconf 88' lang='lat' dir='ltr'><strong>tibi</strong></span> <span class='ocrx_word' id='word_1_135' title='bbox 456 1730 512 1771; x_wconf 80' lang='lat' dir='ltr'><strong>ad</strong></span> <span class='ocrx_word' id='word_1_136' title='bbox 533 1737 607 1773; x_wconf 82' lang='lat' dir='ltr'><strong>tua</strong></span> <span class='ocrx_word' id='word_1_137' title='bbox 628 1731 790 1785; x_wconf 83' lang='lat' dir='ltr'><strong>templa</strong></span> <span class='ocrx_word' id='word_1_138' title='bbox 812 1730 947 1773; x_wconf 79' lang='lat' dir='ltr'><strong>feram</strong></span> <span class='ocrx_word' id='word_1_139' title='bbox 965 1731 1180 1773; x_wconf 76' lang='lat' dir='ltr'><strong>solemnia</strong></span> <span class='ocrx_word' id='word_1_140' title='bbox 1199 1732 1342 1779; x_wconf 78' lang='lat' dir='ltr'><strong>dona,</strong></span> 
     </span>
     <span class='ocr_line' id='line_1_22' title="bbox 242 1800 1315 1852; baseline 0.004 -13"><span class='ocrx_word' id='word_1_141' title='bbox 242 1803 294 1840; x_wconf 84' lang='lat' dir='ltr'><strong>Et</strong></span> <span class='ocrx_word' id='word_1_142' title='bbox 308 1801 498 1842; x_wconf 81' lang='lat' dir='ltr'><strong>statuam</strong></span> <span class='ocrx_word' id='word_1_143' title='bbox 514 1805 616 1843; x_wconf 79' lang='lat' dir='ltr'><strong>ante</strong></span> <span class='ocrx_word' id='word_1_144' title='bbox 633 1812 728 1842; x_wconf 62' lang='lat' dir='ltr'><strong>aras</strong></span> <span class='ocrx_word' id='word_1_145' title='bbox 748 1804 897 1842; x_wconf 77' lang='lat' dir='ltr'><strong>aurata</strong></span> <span class='ocrx_word' id='word_1_146' title='bbox 917 1800 1060 1842; x_wconf 87' lang='lat' dir='ltr'><strong>fronte</strong></span> <span class='ocrx_word' id='word_1_147' title='bbox 1075 1803 1315 1852; x_wconf 87' lang='lat' dir='ltr'><strong>juvencum</strong></span> 
     </span>
     <span class='ocr_line' id='line_1_23' title="bbox 241 1868 1492 1925; baseline 0 -15"><span class='ocrx_word' id='word_1_148' title='bbox 241 1868 514 1912; x_wconf 82' lang='lat' dir='ltr'><strong>candentem</strong></span> <span class='ocrx_word' id='word_1_149' title='bbox 530 1901 540 1921; x_wconf 83' lang='lat'>,</span> <span class='ocrx_word' id='word_1_150' title='bbox 559 1872 807 1924; x_wconf 80' lang='lat' dir='ltr'><strong>pariterque</strong></span> <span class='ocrx_word' id='word_1_151' title='bbox 822 1873 955 1925; x_wconf 82' lang='lat' dir='ltr'><strong>caput</strong></span> <span class='ocrx_word' id='word_1_152' title='bbox 968 1881 1068 1912; x_wconf 86' lang='lat' dir='ltr'><strong>cum</strong></span> <span class='ocrx_word' id='word_1_153' title='bbox 1090 1875 1229 1913; x_wconf 84' lang='lat' dir='ltr'><strong>matre</strong></span> <span class='ocrx_word' id='word_1_154' title='bbox 1250 1871 1464 1915; x_wconf 81' lang='lat' dir='ltr'><strong>ferentem</strong></span> <span class='ocrx_word' id='word_1_155' title='bbox 1483 1902 1492 1920; x_wconf 91' lang='lat'><em>‚</em></span> 
     </span>
     <span class='ocr_line' id='line_1_24' title="bbox 243 1939 1390 1993; baseline 0.005 -16"><span class='ocrx_word' id='word_1_156' title='bbox 243 1941 341 1979; x_wconf 76' lang='lat' dir='ltr'><strong>Jam</strong></span> <span class='ocrx_word' id='word_1_157' title='bbox 359 1950 494 1980; x_wconf 83' lang='lat' dir='ltr'><strong>cornu</strong></span> <span class='ocrx_word' id='word_1_158' title='bbox 518 1942 640 1992; x_wconf 81' lang='lat' dir='ltr'><strong>petat</strong></span> <span class='ocrx_word' id='word_1_159' title='bbox 654 1943 698 1982; x_wconf 84' lang='lat' dir='ltr'><strong>et</strong></span> <span class='ocrx_word' id='word_1_160' title='bbox 713 1939 896 1992; x_wconf 82' lang='lat' dir='ltr'><strong>pedibus</strong></span> <span class='ocrx_word' id='word_1_161' title='bbox 915 1940 987 1992; x_wconf 87' lang='lat' dir='ltr'><strong>qui</strong></span> <span class='ocrx_word' id='word_1_162' title='bbox 1002 1942 1179 1993; x_wconf 77' lang='lat' dir='ltr'><strong>spargat</strong></span> <span class='ocrx_word' id='word_1_163' title='bbox 1194 1950 1390 1983; x_wconf 80' lang='lat' dir='ltr'><strong>arenam.</strong></span> 
     </span>
     <span class='ocr_line' id='line_1_25' title="bbox 243 2008 1140 2063; baseline 0.003 -15"><span class='ocrx_word' id='word_1_164' title='bbox 243 2008 392 2050; x_wconf 76' lang='lat' dir='ltr'><strong>Audiit</strong></span> <span class='ocrx_word' id='word_1_165' title='bbox 408 2013 453 2051; x_wconf 90' lang='lat' dir='ltr'><strong>et</strong></span> <span class='ocrx_word' id='word_1_166' title='bbox 468 2010 565 2051; x_wconf 81' lang='lat' dir='ltr'><strong>eceli</strong></span> <span class='ocrx_word' id='word_1_167' title='bbox 586 2010 758 2062; x_wconf 81' lang='lat' dir='ltr'><strong>genitor</strong></span> <span class='ocrx_word' id='word_1_168' title='bbox 776 2009 831 2052; x_wconf 87' lang='lat' dir='ltr'><strong>de</strong></span> <span class='ocrx_word' id='word_1_169' title='bbox 850 2012 974 2063; x_wconf 80' lang='lat' dir='ltr'><strong>parte</strong></span> <span class='ocrx_word' id='word_1_170' title='bbox 989 2021 1140 2052; x_wconf 81' lang='lat' dir='ltr'><strong>serena</strong></span> 
     </span>
     <span class='ocr_line' id='line_1_26' title="bbox 243 2076 1216 2121; baseline 0.001 -5"><span class='ocrx_word' id='word_1_171' title='bbox 243 2078 441 2119; x_wconf 70' lang='lat' dir='ltr'><strong>intonuit</strong></span> <span class='ocrx_word' id='word_1_172' title='bbox 461 2078 621 2119; x_wconf 64' lang='lat' dir='ltr'><strong>laevum</strong></span> <span class='ocrx_word' id='word_1_173' title='bbox 640 2094 650 2117; x_wconf 84' lang='lat'>2</span> <span class='ocrx_word' id='word_1_174' title='bbox 669 2080 797 2120; x_wconf 81' lang='lat' dir='ltr'><strong>sonat</strong></span> <span class='ocrx_word' id='word_1_175' title='bbox 811 2090 901 2119; x_wconf 84' lang='lat' dir='ltr'><strong>una</strong></span> <span class='ocrx_word' id='word_1_176' title='bbox 915 2076 1059 2121; x_wconf 81' lang='lat' dir='ltr'><strong>fatifer</strong></span> <span class='ocrx_word' id='word_1_177' title='bbox 1074 2089 1216 2121; x_wconf 83' lang='lat' dir='ltr'><strong>arcus.</strong></span> 
     </span>
     <span class='ocr_line' id='line_1_27' title="bbox 242 2146 1311 2200; baseline 0.003 -13"><span class='ocrx_word' id='word_1_178' title='bbox 242 2146 408 2199; x_wconf 83' lang='lat' dir='ltr'><strong>Effugit</strong></span> <span class='ocrx_word' id='word_1_179' title='bbox 425 2147 693 2190; x_wconf 77' lang='lat' dir='ltr'><strong>horrendum</strong></span> <span class='ocrx_word' id='word_1_180' title='bbox 716 2148 904 2191; x_wconf 82' lang='lat' dir='ltr'><strong>stridens</strong></span> <span class='ocrx_word' id='word_1_181' title='bbox 918 2148 1109 2190; x_wconf 80' lang='lat' dir='ltr'><strong>adducta</strong></span> <span class='ocrx_word' id='word_1_182' title='bbox 1127 2149 1283 2200; x_wconf 78' lang='lat' dir='ltr'><strong>sagitta</strong></span> <span class='ocrx_word' id='word_1_183' title='bbox 1300 2165 1311 2196; x_wconf 69' lang='grc' dir='ltr'>ς</span> 
     </span>
     <span class='ocr_line' id='line_1_28' title="bbox 244 2218 1470 2272; baseline 0.004 -17"><span class='ocrx_word' id='word_1_184' title='bbox 244 2219 415 2269; x_wconf 82' lang='lat' dir='ltr'><strong>Perque</strong></span> <span class='ocrx_word' id='word_1_185' title='bbox 430 2221 564 2271; x_wconf 82' lang='lat' dir='ltr'><strong>eaput</strong></span> <span class='ocrx_word' id='word_1_186' title='bbox 583 2218 755 2259; x_wconf 81' lang='lat' dir='ltr'><strong>Remuli</strong></span> <span class='ocrx_word' id='word_1_187' title='bbox 775 2219 920 2265; x_wconf 80' lang='lat' dir='ltr'><strong>venit,</strong></span> <span class='ocrx_word' id='word_1_188' title='bbox 943 2221 988 2260; x_wconf 85' lang='lat' dir='ltr'><strong>et</strong></span> <span class='ocrx_word' id='word_1_189' title='bbox 1005 2229 1111 2260; x_wconf 77' lang='lat' dir='ltr'>cava</span> <span class='ocrx_word' id='word_1_190' title='bbox 1135 2220 1336 2272; x_wconf 78' lang='lat' dir='ltr'><strong>tempora</strong></span> <span class='ocrx_word' id='word_1_191' title='bbox 1355 2218 1470 2261; x_wconf 80' lang='lat' dir='ltr'><strong>ferro</strong></span> 
     </span>
     <span class='ocr_line' id='line_1_29' title="bbox 244 2288 1312 2343; baseline 0.003 -16"><span class='ocrx_word' id='word_1_192' title='bbox 244 2288 433 2338; x_wconf 80' lang='lat' dir='ltr'><strong>Trajieit.</strong></span> <span class='ocrx_word' id='word_1_193' title='bbox 456 2303 473 2325; x_wconf 70' lang='grc' dir='ltr'><strong>α</strong></span> <span class='ocrx_word' id='word_1_194' title='bbox 492 2292 511 2329; x_wconf 88' lang='grc' dir='ltr'>Ι</span> <span class='ocrx_word' id='word_1_195' title='bbox 530 2321 538 2337; x_wconf 88' lang='grc'>,</span> <span class='ocrx_word' id='word_1_196' title='bbox 557 2290 702 2331; x_wconf 86' lang='lat' dir='ltr'><strong>verbis</strong></span> <span class='ocrx_word' id='word_1_197' title='bbox 721 2290 929 2332; x_wconf 79' lang='lat' dir='ltr'><strong>virtutem</strong></span> <span class='ocrx_word' id='word_1_198' title='bbox 944 2289 1082 2332; x_wconf 75' lang='lat' dir='ltr'><strong>illude</strong></span> <span class='ocrx_word' id='word_1_199' title='bbox 1098 2290 1312 2343; x_wconf 76' lang='lat' dir='ltr'><strong>superbis.</strong></span> 
     </span>
     <span class='ocr_line' id='line_1_30' title="bbox 245 2358 1504 2413; baseline -0.001 -16"><span class='ocrx_word' id='word_1_200' title='bbox 245 2361 316 2401; x_wconf 79' lang='lat' dir='ltr'><strong>Bis</strong></span> <span class='ocrx_word' id='word_1_201' title='bbox 333 2361 447 2413; x_wconf 78' lang='lat' dir='ltr'><strong>capti</strong></span> <span class='ocrx_word' id='word_1_202' title='bbox 472 2358 668 2412; x_wconf 70' lang='lat' dir='ltr'><strong>Phryges</strong></span> <span class='ocrx_word' id='word_1_203' title='bbox 685 2358 780 2401; x_wconf 76' lang='lat' dir='ltr'><strong>haee</strong></span> <span class='ocrx_word' id='word_1_204' title='bbox 800 2360 977 2402; x_wconf 80' lang='lat' dir='ltr'><strong>Rutulis</strong></span> <span class='ocrx_word' id='word_1_205' title='bbox 994 2371 1205 2413; x_wconf 77' lang='lat' dir='ltr'><strong>responsa</strong></span> <span class='ocrx_word' id='word_1_206' title='bbox 1221 2360 1467 2402; x_wconf 80' lang='lat' dir='ltr'><strong>remittunt.</strong></span> <span class='ocrx_word' id='word_1_207' title='bbox 1491 2378 1504 2397; x_wconf 70' lang='lat' dir='ltr'>n</span> 
     </span>
     <span class='ocr_line' id='line_1_31' title="bbox 249 2430 1455 2484; baseline 0.006 -17"><span class='ocrx_word' id='word_1_208' title='bbox 249 2432 339 2470; x_wconf 72' lang='lat' dir='ltr'><strong>[lec</strong></span> <span class='ocrx_word' id='word_1_209' title='bbox 357 2433 524 2472; x_wconf 81' lang='lat' dir='ltr'><strong>tantum</strong></span> <span class='ocrx_word' id='word_1_210' title='bbox 543 2430 763 2471; x_wconf 71' lang='lat' dir='ltr'><strong>Aseanius.</strong></span> <span class='ocrx_word' id='word_1_211' title='bbox 783 2431 936 2471; x_wconf 77' lang='lat' dir='ltr'><strong>Teucri</strong></span> <span class='ocrx_word' id='word_1_212' title='bbox 959 2431 1151 2473; x_wconf 81' lang='lat' dir='ltr'><strong>clamore</strong></span> <span class='ocrx_word' id='word_1_213' title='bbox 1166 2435 1425 2484; x_wconf 57' lang='lat' dir='ltr'><strong>serviuntur.</strong></span> <span class='ocrx_word' id='word_1_214' title='bbox 1453 2462 1455 2465; x_wconf 32' lang='lat' dir='ltr'><strong>f</strong></span> 
     </span>
    </p>
   </div>
   <div class='ocr_carea' id='block_1_3' title="bbox 1462 333 1538 370">
    <p class='ocr_par' dir='ltr' id='par_1_4' title="bbox 1462 333 1538 370">
     <span class='ocr_line' id='line_1_32' title="bbox 1462 333 1485 369; textangle 90"><span class='ocrx_word' id='word_1_215' title='bbox 1462 333 1485 369; x_wconf 59' lang='lat' dir='ltr'><strong>Gt</strong></span> 
     </span>
     <span class='ocr_line' id='line_1_33' title="bbox 1489 333 1538 370; textangle 90"><span class='ocrx_word' id='word_1_216' title='bbox 1489 333 1538 370; x_wconf 66' lang='grc' dir='ltr'><strong>δὲ</strong></span> 
     </span>
    </p>
   </div>
  </div>
 </body>
</html>
