1917 2942
289 309 363 349 195
812 308 978 347 LIBER
1006 310 1059 347 ΙΙ.
1516 311 1592 349 169

285 401 409 442 Ultro
432 400 580 442 Asiam
600 411 763 453 magno
787 400 978 452 Pelopea
999 399 1053 441 ad
1077 399 1240 442 mcenia
1257 400 1373 443 bello

285 471 540 516 Venturam,
568 471 613 512 et
638 471 812 511 nostros
829 480 880 510 ea
900 468 987 510 fata
1005 479 1184 512 manere
1200 472 1399 523 nepotes.
1422 487 1438 507 ι»

339 539 514 580 Talibus
541 538 712 580 insidiis
728 538 982 592 perjurique
1000 541 1093 581 arte
1113 539 1288 579 Sinonis

287 607 464 650 Credita
484 619 564 654 res,
584 607 789 661 captique
809 606 920 648 dolis
934 608 1230 659 lacrymisque
1248 611 1412 651 coactis
1432 625 1442 659 ς

288 680 407 728 Quos
424 688 568 729 neque
585 676 788 728 Tydides,
804 687 888 718 nec
906 676 1140 718 Larissaeus
1161 676 1364 726 Achilles,

289 748 391 788 Non
404 746 509 787 anni
523 745 734 788 domuere
754 745 922 792 decem,
944 756 1035 786 non
1052 746 1172 787 mille
1187 739 1364 788 carinae.

341 816 424 858 Hic
440 815 556 858 aliud
573 816 714 866 majus
734 814 900 857 miseris
916 816 1144 869 multoque
1167 809 1451 857 tremendum

266 889 269 892 “
288 885 507 936 Objicitur
522 886 674 936 magis,
693 887 823 937 atque
838 883 1089 937 improvida
1107 886 1291 938 pectora
1309 886 1471 927 turbat.

290 959 513 1006 Laocoon,
529 954 687 996 ductus
706 957 911 1008 Neptuno
927 957 1049 995 sorte
1065 952 1284 999 sacerdos,

290 1025 515 1066 solemnes
531 1025 703 1065 taurum
724 1023 950 1074 ingentem
968 1023 1187 1064 mactabat
1203 1021 1258 1063 ad
1273 1034 1385 1065 aras.

291 1097 403 1136 Ecce
420 1096 566 1135 autem
582 1093 744 1146 gemini
764 1104 788 1134 a
808 1092 985 1134 Tenedo
1004 1092 1240 1146 tranquilla
1259 1104 1340 1147 per
1360 1095 1447 1136 alta

289 1168 527 1212 (Horresco
543 1163 763 1214 referens)
790 1162 1015 1204 immensis
1036 1162 1216 1203 orbibus
1240 1174 1406 1215 angues

291 1231 562 1274 Incumbunt
575 1231 746 1285 pelago,
764 1228 1018 1283 pariterque
1035 1230 1088 1271 ad
1110 1231 1244 1272 litora
1259 1231 1447 1274 tendunt
1470 1246 1478 1269 z

295 1303 483 1343 Pectora
496 1311 686 1354 quorum
704 1301 820 1341 inter
837 1298 994 1340 fluctus
1009 1299 1201 1346 adiecta,
1215 1299 1420 1354 jubaeque

294 1370 553 1423 Sanguincae
574 1368 834 1421 exsuperant
848 1366 1012 1415 undas;
1036 1380 1137 1422 pars
1158 1371 1305 1410 cetera
1321 1372 1509 1421 pontum

300 1438 551 1491 Ponelegit‚
572 1438 837 1488 sinuantque
856 1437 1068 1478 immensa
1085 1437 1314 1479 volumine
1336 1439 1473 1491 terga.

296 1512 366 1549 Fit
382 1507 565 1555 sonitus,
591 1510 826 1560 spumante
842 1505 950 1547 salo.
969 1508 1158 1560 Jamque
1175 1517 1278 1547 arva
1294 1507 1501 1550 tenebant
1517 1523 1527 1554 ;

297 1579 600 1629 Ardentesque
616 1577 768 1620 oculos
783 1575 957 1617 suffecti
972 1576 1186 1629 sanguine
1201 1577 1245 1617 et
1259 1576 1367 1627 igni,

297 1648 431 1690 Sibila
444 1647 698 1689 lambebant
714 1646 878 1697 linguis
892 1645 1167 1687 vibrantibus
1182 1654 1274 1686 ora.

299 1715 565 1769 Diffugimus
582 1717 680 1757 visu
699 1726 954 1768 exsangues.
975 1715 1042 1756 Illi
1057 1714 1233 1768 agmine
1253 1717 1374 1757 certo

300 1787 556 1828 Laocoonta
574 1788 744 1837 petunt.
763 1787 813 1824 Et
833 1784 1030 1838 primum
1047 1795 1180 1838 parva
1195 1784 1388 1826 duorum

300 1859 499 1909 Corpora
518 1857 724 1896 natorum
740 1864 919 1907 serpens
939 1854 1162 1906 amplexus
1176 1856 1365 1907 uterque

300 1924 517 1979 lmpIIcat‚
539 1928 582 1965 et
601 1923 784 1965 miseros
804 1933 957 1964 morsu
975 1922 1225 1976 depascitur
1245 1924 1363 1964 artus
1383 1939 1393 1963 ε

303 1995 410 2036 Post
435 1994 592 2046 ipsum,
617 1990 779 2032 auxilio
799 1992 1063 2033 subeuntem
1082 2002 1132 2032 ac
1152 1991 1237 2033 tela
1255 1989 1483 2037 ferentem,

304 2063 574 2116 corripiunt,
590 2061 806 2115 spirisque
825 2061 965 2113 ligant
985 2060 1254 2109 ingentibuffl
1286 2062 1436 2112 etjam

305 2134 376 2175 Bis
394 2132 592 2174 medium
607 2129 810 2184 amplexi,
829 2128 894 2170 hi<
912 2130 1026 2171 collo
1042 2141 1249 2182 squamea
1268 2130 1438 2172 clrcum

307 2210 449 2256 Terga
469 2201 576 2248 dati,
593 2200 804 2254 superant
823 2198 965 2251 capite
983 2200 1026 2240 et
1040 2197 1285 2241 cervicibus
1302 2199 1412 2240 aliis.

307 2278 385 2319 Ille
399 2273 529 2317 simul
545 2270 745 2313 manibus
767 2267 908 2310 tendit
925 2267 1135 2310 divellere
1152 2267 1308 2313 nodos,

311 2344 519 2389 Perfusus
535 2341 656 2385 sanie
670 2340 801 2381 vittas
823 2343 1008 2398 atroque
1027 2349 1203 2381 veneno
1220 2354 1228 2386 ;

313 2417 536 2457 Clamores
555 2410 685 2453 sinml
701 2406 947 2457 horrendos
968 2406 1021 2448 ad
1041 2406 1180 2448 s'dera
1205 2408 1339 2451 tollit:
