1917 2942
221 303 301 344 288
755 304 923 344 LIBER
952 304 1006 344 11.
1482 307 1532 345 85

273 389 476 431 Forsitan
493 393 550 436 ct,
568 387 797 431 scrobibus
816 397 913 441 quae
930 389 1020 429 sint
1037 386 1205 440 fastigia
1221 418 1231 434 ‚
1255 398 1439 441 quaeras,

223 458 377 499 Ausim
391 458 462 499 vel
483 457 605 500 tenui
619 458 753 499 vitem
774 456 1052 499 committere
1075 457 1217 498 sulco.

227 528 371 569 Altior
391 537 440 569 ac
459 526 635 581 penitus
651 528 777 568 terrae
795 525 1003 579 defigitur
1018 526 1145 569 arbos
1163 543 1174 576 ;

222 595 418 638 AEsculus
435 595 482 636 in
501 595 652 648 primis
668 626 677 643 ‚
694 605 791 647 quoe
807 598 1022 647 quantum
1036 597 1202 638 vertice
1218 595 1274 636 ad
1288 582 1424 638 auras

223 666 457 713 AEtlierias,
478 668 647 706 tantuin
662 664 811 707 radice
827 666 874 705 in
891 668 1072 706 Tartara
1086 666 1241 708 tendit.

222 738 338 787 Ergo
359 745 450 776 non
468 734 635 776 hiemes
655 734 776 775 illam
793 763 803 780 ,
821 744 916 774 non
933 732 1092 781 flabra,
1111 745 1256 787 neque
1270 734 1432 777 imbres

221 806 487 849 convellunt
508 821 518 845 z
537 805 722 846 immota
738 806 914 849 manet.
932 804 1184 858 multosque
1201 807 1384 860 nepotes
1399 837 1408 852 ,

224 876 361 917 Multa
374 876 521 917 virum
536 875 718 917 volvens
737 874 938 916 durando
957 875 1127 924 secula,
1151 876 1315 923 vincit:

223 948 333 986 Tum
352 944 485 987 fortes
502 944 588 986 late
614 954 760 986 ramos
780 948 825 986 et
840 943 1017 986 brachia
1034 945 1220 987 tendens

225 1018 323 1057 Huc
340 1017 443 1057 illuc
457 1046 466 1062 ,
490 1013 636 1056 media
654 1015 746 1068 ipsa
763 1014 989 1067 ingentem
1008 1016 1195 1057 sustinet
1209 1016 1427 1059 umbram.

276 1086 398 1126 Neve
414 1083 494 1124 vtibi
510 1081 566 1125 ad
584 1083 721 1125 solem
742 1086 929 1135 vergant
947 1085 1094 1125 vineta
1113 1083 1345 1127 cadentem
1367 1103 1377 1127 ι

224 1157 342 1196 Neve
361 1152 478 1195 inter
498 1154 608 1195 vites
626 1153 832 1213 coruluin
851 1163 948 1194 sere
965 1166 976 1200 ;
998 1163 1110 1195 neve
1128 1150 1298 1205 flagella

222 1232 400 1269 Summa
418 1229 533 1279 pete,
551 1227 628 1266 aut
648 1236 817 1267 summa
837 1224 1060 1277 destringe
1075 1236 1125 1267 ex
1145 1227 1303 1269 arbore
1318 1229 1487 1281 plantas
1510 1245 1518 1270 :

222 1298 388 1338 Tantus
406 1306 531 1336 amor
550 1299 677 1336 terrae
696 1299 706 1337 Β
732 1305 817 1336 neu
836 1293 952 1336 ferro
969 1293 1079 1336 laede
1099 1297 1247 1337 retuso

225 1364 401 1407 Semina
421 1380 430 1404 ε
449 1375 560 1406 neve
581 1365 687 1406 oleae
708 1363 925 1405 silvestres
942 1363 1087 1405 insere
1105 1365 1305 1407 truncos.

227 1435 340 1474 Nam
359 1443 472 1486 saepe
489 1432 675 1475 incautis
694 1431 938 1485 pastoribus
957 1431 1117 1474 excidit
1131 1434 1245 1485 ignis
1259 1467 1274 1487 ‚

227 1505 337 1554 Qui,
361 1502 510 1544 furtim
533 1502 684 1557 pingui
700 1503 892 1555 primum
907 1502 987 1543 sub
1003 1504 1169 1545 cortice
1186 1507 1349 1553 tectus,

228 1575 407 1615 Robora
423 1571 728 1626 comprendit,
744 1570 1009 1625 frondesque
1024 1573 1196 1626 elapsus
1216 1575 1261 1615 in
1282 1576 1390 1618 altas

226 1643 458 1695 Ingentem
476 1641 590 1683 (ια-10
606 1641 802 1682 sonitum
821 1640 945 1682 dedit
963 1657 972 1681 :
993 1641 1098 1684 inde
1113 1645 1321 1694 sequutus

228 1715 313 1754 Per
331 1722 475 1753 ramos
492 1713 638 1753 victor
653 1722 819 1765 perque
838 1710 925 1752 alta
945 1711 1173 1753 eacumina
1193 1715 1372 1765 regnat,

228 1785 282 1824 Et
303 1784 446 1823 totum
463 1780 653 1823 involvit
674 1779 858 1823 flammis
878 1791 1034 1822 nemus
1053 1811 1063 1827 ,
1087 1784 1131 1822 et
1152 1784 1240 1823 ruit
1256 1786 1395 1824 atram

231 1853 300 1894 Ad
322 1854 484 1895 ccrlum
504 1851 627 1905 picea
645 1862 813 1894 crassus
829 1851 1012 1903 caligine
1028 1851 1193 1893 nubem
1214 1867 1224 1891 z

232 1923 482 1965 Praesertim
506 1922 539 1963 si
556 1923 789 1974 tempestas
805 1933 828 1962 a
848 1921 1013 1963 vertice
1041 1921 1160 1963 silvis

229 1993 463 2038 Incubuit,
484 1992 790 2044 glomeratque
811 1991 953 2034 ferens
972 1990 1182 2033 incendia
1194 1993 1369 2035 ventus.

230 2064 327 2102 Hoc
340 2061 414 2102 ubi
434 2091 444 2108 ‚
465 2072 556 2102 non
573 2072 597 2102 a
616 2061 753 2114 stirpe
766 2061 915 2103 valent
931 2091 940 2108 ,
961 2071 1169 2113 caesaeque
1183 2063 1345 2105 reverti

231 2133 424 2173 Possunt
441 2163 450 2179 ‚
471 2134 601 2184 atque
623 2131 709 2171 ima
723 2131 886 2172 similes
902 2131 1171 2174 revirescere
1189 2133 1304 2175 terra
1322 2149 1332 2173 ;

231 2201 387 2243 Infelix
400 2202 579 2254 superat
596 2199 709 2241 foliis
726 2200 913 2242 oleaster
933 2201 1104 2242 amaris.

284 2270 376 2311 Nec
395 2269 470 2310 tibi
494 2271 581 2310 tam
599 2267 794 2323 prudens
815 2269 1045 2321 quisquam
1063 2268 1324 2323 persuadeat
1346 2274 1512 2316 auctor.

233 2339 449 2382 Tellurem
467 2342 607 2381 Borea
621 2340 808 2393 rigidam
828 2340 1023 2393 spirante
1044 2341 1229 2383 moveri.

234 2412 351 2450 Rura
369 2410 468 2461 gelu
494 2412 582 2450 tuni
602 2410 764 2452 claudit
779 2410 941 2456 hiems:
966 2421 1048 2453 nec
1066 2411 1234 2454 semine
1249 2412 1369 2461 jacto
