1917 2942
380 340 462 379 470
909 338 1167 379 AENEIDOS
1610 340 1682 380 69:¹1

380 427 664 477 Quaecunque
679 427 745 466 est
762 424 958 465 Fortuna
975 454 985 474 ,
1006 434 1104 466 mea
1122 427 1209 471 est3
1232 434 1303 464 me
1324 424 1469 466 verius
1489 434 1626 465 unuin

383 497 471 537 Pro
492 494 616 535 vobis
632 493 776 535 toedus
796 494 943 539 luere,
967 495 1011 534 et
1027 492 1266 534 decernere
1291 491 1424 534 ferro.
1448 507 1464 529 n

384 564 631 606 Discessere
648 573 803 604 omnes
824 563 957 603 medii
979 593 987 606 ,
1007 563 1285 616 spatiumque
1306 561 1482 604 dedere.

437 637 494 675 At
513 638 639 688 pater
660 637 820 676 AEneas
835 666 844 682 ,
867 633 1018 675 audito
1039 634 1224 675 nomine
1251 633 1412 681 Turni,

383 706 557 749 Deserit
577 708 621 748 et
635 715 807 752 muros,
829 708 874 747 et
891 715 1083 746 summas
1099 704 1263 746 deserit
1281 714 1426 752 arces,

385 775 726 828 praecipitatque
747 785 893 817 moras
913 785 1066 816 omnes
1082 790 1091 820 ;
1109 784 1244 827 opera
1261 774 1411 816 omnia
1427 775 1618 829 rumpit3

382 847 560 889 Laetitia
581 847 820 892 exsultans,
837 844 1202 898 horrendumque
1222 845 1398 885 intonat
1418 845 1546 886 armis
1566 862 1575 884 ι

386 917 587 965 Quantus
606 916 756 961 Athos,
783 918 859 956 aut
875 919 1066 968 quantus
1084 918 1221 967 Eryx,
1245 918 1320 956 aut
1339 915 1434 968 ipse
1452 946 1461 963 ‚
1484 916 1673 957 coruscis

389 989 536 1036 Quum
558 983 705 1027 fremit
722 985 913 1036 ilicibus,
940 988 1153 1039 quantus,
1176 984 1426 1038 gaudetque
1444 987 1580 1027 nivali

388 1055 559 1098 Vertice
575 1065 620 1096 se
640 1054 856 1097 adtollens
875 1057 1000 1108 pater
1020 1054 1282 1107 Apenninus
1303 1053 1358 1094 ad
1376 1066 1518 1096 auras.

391 1127 492 1167 Jam
512 1136 620 1166 vero
636 1128 681 1166 et
696 1123 847 1165 Rutuli
868 1125 1073 1165 certatim
1094 1154 1103 1173 ,
1125 1127 1169 1166 et
1187 1123 1323 1164 Tro'e's
1341 1155 1350 1171 ‚
1377 1126 1421 1165 et
1439 1135 1592 1166 omnes

392 1196 663 1236 Convertere
684 1193 835 1234 oculos
858 1193 956 1234 itali
975 1224 984 1241 ,
1007 1194 1169 1246 quique
1186 1192 1273 1233 alta
1295 1193 1509 1235 tenebant

393 1264 575 1310 Moenia,
596 1264 759 1317 quique
780 1265 892 1304 imos
912 1262 1144 1317 pulsabant
1165 1263 1301 1305 ariete
1320 1273 1467 1304 muros
1486 1279 1495 1310 ς

396 1338 620 1386 Armaque
641 1334 885 1387 deposuere
902 1334 1115 1375 humeris.
1137 1335 1294 1386 Stupet
1309 1333 1403 1386 ipse
1425 1335 1627 1381 Latinus,

394 1404 601 1455 lugentes
620 1433 629 1451 ‚
648 1403 821 1454 genitos
841 1401 1023 1443 diversis
1045 1401 1239 1454 partibus
1256 1401 1394 1449 orbis,

395 1475 517 1513 Inter
536 1483 581 1514 se
604 1471 758 1512 coiisse
778 1470 916 1518 virOS,
936 1473 980 1512 et
997 1480 1178 1513 cernere
1197 1470 1328 1513 [erro.

452 1545 596 1593 Atque
615 1541 680 1581 illi
700 1573 710 1589 ‚
732 1544 780 1581 ut
799 1551 943 1584 vacuo
966 1543 1203 1593 patuerunt
1224 1550 1400 1594 aequore
1416 1543 1561 1596 campi
1583 1574 1591 1588 ‚

398 1616 618 1654 Procursu
639 1610 820 1665 rapido.
845 1611 1062 1661 conjectis
1083 1611 1253 1653 eminus
1273 1610 1408 1653 hastis
1427 1643 1435 1657 ‚

396 1681 626 1724 Invadunt
643 1685 827 1723 Martem
844 1679 995 1736 clipeis
1014 1685 1145 1734 atque
1165 1692 1252 1723 aere
1270 1693 1452 1723 sonoro.

402 1755 488 1794 Dat
505 1752 717 1804 gemitum
744 1752 873 1794 tellus
893 1769 903 1792 ι
921 1754 1016 1792 tum
1036 1752 1217 1794 crebros
1238 1752 1412 1794 ensibus
1430 1753 1540 1794 ictus

403 1823 745 1875 congeminant.
761 1824 869 1864 Fors
886 1825 930 1865 et
949 1822 1093 1864 virtus
1112 1823 1354 1866 miscentur
1376 1823 1422 1863 in
1441 1833 1598 1863 unum.

402 1896 467 1934 Ac
486 1892 635 1937 velut,
657 1891 830 1942 ingenti
850 1890 936 1933 Sila
953 1921 962 1937 ‚
981 1903 1209 1934 summove
1229 1893 1435 1933 Taburno
1454 1922 1463 1936 .

403 1964 548 2010 Quum
568 1960 657 2001 duo
676 1961 906 2003 conversis
926 1961 1106 2003 inimica
1123 1962 1167 2002 in
1190 1962 1340 2014 praelia
1360 1961 1468 2002 tauri

405 2032 640 2074 Frontibus
653 2030 915 2079 incurrunt;
937 2031 1084 2085 pavidi
1110 2042 1277 2074 cessere
1295 2032 1492 2084 magistri
1510 2048 1519 2079 ;

405 2105 500 2144 Stat
519 2112 654 2155 pecus
674 2113 805 2143 omne
826 2105 948 2143 metu
966 2104 1163 2149 mutum,
1186 2105 1470 2154 mussantque
1488 2102 1705 2153 juvenem,

407 2173 513 2221 Quis
535 2173 707 2214 nemori
727 2171 965 2225 imperitet,
986 2182 1117 2224 quem
1136 2174 1228 2213 tota
1244 2175 1444 2214 armenta
1462 2174 1708 2225 sequant111·;

408 2243 480 2285 Illi
499 2244 617 2285 inter
636 2253 730 2286 sese
746 2243 884 2284 multa
898 2243 941 2282 vi
964 2243 1147 2284 vulnera
1169 2243 1376 2289 miscent,

410 2317 676 2365 Cornuaque
693 2312 845 2354 obnixi
864 2310 1073 2365 infigunt,
1097 2314 1141 2353 et
1160 2314 1374 2365 sanguine
1388 2313 1513 2365 largo

411 2382 531 2425 Colla
548 2392 780 2435 armosque
799 2382 965 2429 lavant3
989 2381 1158 2434 gemitu
1179 2391 1334 2423 nemus
1352 2393 1485 2426 omne
1505 2379 1711 2432 remugit:

414 2451 540 2493 Haud
561 2452 690 2493 aliter
708 2455 818 2493 Tros
839 2454 992 2494 AEneas
1009 2454 1052 2495 et
1071 2451 1265 2493 Daunius
1288 2451 1415 2493 heros
