1917 2942
216 343 289 383 5221
517 383 519 386 ,
713 343 877 382 MBER
909 344 1021 383 vill.
1450 347 1528 386 547

217 431 411 481 Namque
428 428 670 481 improviso
686 427 882 470 vibratus
899 429 952 470 ab
973 427 1140 471 aethere
1157 427 1301 480 fulgor

216 502 324 539 Cum
343 497 490 541 sonitu
507 499 654 545 venit,
674 503 718 539 et
735 509 863 541 ruere
882 499 1031 539 omnia
1051 498 1143 540 visa
1162 501 1370 553 repente,

218 565 557 618 Tyrrhenusque
577 554 692 607 tu'bae
711 566 882 617 mugire
897 576 978 619 per
998 565 1164 607 {ethera
1180 566 1379 617 clangor.

216 637 293 676 Sus
300 634 481 688 piciunt;
494 635 656 675 iterum
667 638 796 687 atque
809 635 971 676 iterum
987 633 1133 687 fragor
1144 635 1346 688 increpat
1356 636 1527 688 ingens.

217 708 347 745 Arma
367 705 485 747 inter
505 704 691 754 nubem,
709 704 809 746 eceli
830 704 876 744 in
897 705 1080 756 regione
1100 715 1255 747 serena
1270 735 1281 751 ‚

216 776 299 814 Per
315 772 476 827 sudum
493 773 676 814 rutilare
692 773 869 820 vident,
884 775 928 816 et
945 773 1070 827 pulsa
1092 778 1261 816 tonare.

215 844 490 895 Obstupuere
507 843 666 885 animis
686 844 786 891 alii3
808 844 883 886 sed
904 846 1064 886 Troius
1077 841 1210 886 heros

216 913 412 966 Agnovit
429 913 640 958 sonitum,
661 914 705 954 et
721 912 833 954 divae
852 914 1064 966 promissa
1081 913 1293 963 parentis.

217 988 325 1025 Tum
346 986 584 1024 memorat:
609 998 626 1021 (ι
645 984 710 1024 Ne
725 993 830 1024 vero
847 1014 855 1028 ,
876 982 1046 1036 hospes,
1065 993 1124 1024 ne
1143 993 1290 1036 quaere
1306 982 1536 1036 profecto,

216 1055 353 1102 Quem
370 1063 518 1094 casum
539 1055 743 1104 portenta
762 1051 929 1097 ferant3
948 1062 1032 1104 ego
1048 1062 1207 1105 poscor
1223 1051 1441 1105 Olympo„

215 1126 310 1163 Hoc
329 1124 504 1174 signum
524 1121 686 1164 cecinit
700 1122 930 1163 missuram
951 1122 1053 1163 diva
1074 1122 1263 1163 creatrix
1276 1151 1285 1168 ,

217 1192 255 1232 Si
274 1190 438 1233 bellum
456 1191 698 1243 ingrueret,
715 1191 1007 1244 Vulcaniaque
1035 1201 1157 1233 arma
1176 1201 1257 1244 per
1277 1201 1413 1233 auras·

218 1264 420 1303 Laturam
440 1261 615 1303 auxilio.

218 1334 313 1372 Heu
332 1333 341 1371 Ξ
364 1334 538 1383 quantae.
558 1329 726 1372 miseris
750 1328 890 1371 caedes
913 1330 1209 1372 Laurentibus
1228 1330 1420 1371 instant!

217 1403 331 1450 Quas
345 1411 497 1456 poenas
508 1400 633 1447 mihi,
649 1404 815 1447 Turne,
832 1398 974 1441 dabis!
991 1410 1122 1452 quam
1138 1400 1276 1441 multa
1289 1399 1372 1441 sub
1387 1399 1536 1442 undas:

215 1471 295 1510 Seu
305 1474 346 1511 ta
362 1469 509 1511 viram
528 1469 761 1522 galeasque
777 1474 821 1509 et
840 1467 967 1511 sortia
986 1479 1175 1522 corpora
1186 1470 1340 1511 volves
1352 1499 1363 1517 ,

218 1539 378 1591 Thybri
398 1541 549 1593 pater!
568 1541 758 1580 Poscant
777 1538 914 1584 acies,
934 1542 979 1579 et
999 1536 1164 1579 foedera
1183 1542 1407 1592 rumpant.
1427 1554 1444 1574 ι»

268 1611 373 1650 Haec
390 1609 464 1650 ubi
480 1608 595 1651 dicta
615 1606 759 1654 dedit,
777 1608 888 1649 solio
905 1618 949 1649 se
970 1607 1085 1649 tollit
1101 1607 1154 1649 ab
1178 1606 1266 1649 alto
1283 1622 1294 1655 ;

215 1682 268 1721 Et
284 1680 474 1734 primum
492 1677 721 1720 Herculeis
742 1677 904 1732 sopitas
922 1676 1096 1729 ignibus
1117 1688 1212 1722 aras

216 1750 384 1792 Excitat
401 1781 409 1798 ,
426 1750 771 1802 hesternumque
794 1751 946 1789 Larem
968 1757 1218 1800 parvosque
1232 1751 1422 1790 Penates

216 1821 357 1861 Laetns
374 1819 465 1861 adit
483 1836 493 1860 ε
511 1822 706 1861 mactant
724 1818 856 1861 lectas
875 1818 929 1859 de
950 1828 1073 1859 more
1092 1817 1310 1866 bidentes,

216 1889 442 1931 Evandrus
462 1887 642 1942 pariter,
662 1888 826 1940 pariter
842 1888 1029 1937 Trojana
1043 1888 1267 1938 juventus.

216 1959 321 1999 Post
336 1958 443 2000 hinc
462 1956 518 1998 ad
537 1968 671 1998 naves
691 1956 904 2010 graditur,
927 1955 1158 2008 sociosque
1178 1957 1352 2004 revisit;

216 2031 415 2077 Quorum
434 2027 489 2070 de
503 2037 714 2075 numero,
731 2026 808 2079 qui
824 2037 917 2069 sese
934 2025 981 2067 in
999 2026 1111 2068 heila
1130 2031 1387 2078 sequantur.

218 2100 477 2140 Praestantes
493 2098 658 2139 virtute
672 2096 777 2148 legit
795 2113 804 2136 ε
824 2108 924 2148 pars
943 2097 1089 2138 cetera
1109 2106 1251 2148 prona

218 2170 372 2211 Fertur
388 2179 517 2221 aqua,
546 2167 776 2220 segnisque
793 2165 990 2208 secundo
1015 2164 1171 2207 defluit
1190 2166 1331 2215 amni,

219 2241 381 2282 Nuntia
400 2241 588 2283 ventura
607 2237 796 2280 Ascanio
816 2247 1053 2290 rerumque
1073 2237 1314 2291 patrisque.

218 2310 385 2350 Dantur
408 2308 507 2362 equi
528 2307 708 2350 Teucris
730 2306 959 2359 Tyrrhena
976 2307 1231 2360 petentibus
1248 2320 1352 2351 arva
1369 2325 1379 2356 ;

218 2380 395 2421 Ducunt
411 2380 630 2420 exsortem
653 2380 820 2423 AEneae;
837 2387 971 2429 quem
987 2374 1105 2419 fulva
1124 2377 1263 2419 leonis

222 2449 344 2491 Peliis
363 2448 457 2491 obit
474 2450 637 2496 totum,
654 2444 921 2502 praefulgens
938 2446 1158 2499 unguibus
1180 2447 1339 2490 aureis.

1247 2540 1310 2579 25.
