<?xml version="1.0" encoding="UTF-8"?>
<!DOCTYPE html PUBLIC "-//W3C//DTD XHTML 1.0 Transitional//EN"
    "http://www.w3.org/TR/xhtml1/DTD/xhtml1-transitional.dtd">
<html xmlns="http://www.w3.org/1999/xhtml" xml:lang="en" lang="en">
 <head>
  <title>
</title>
<meta http-equiv="Content-Type" content="text/html;charset=utf-8" />
  <meta name='ocr-system' content='tesseract 3.04.00' />
  <meta name='ocr-capabilities' content='ocr_page ocr_carea ocr_par ocr_line ocrx_word'/>
</head>
<body>
  <div class='ocr_page' id='page_1' title='image "./publiivirgiliim01unkngoog/publiivirgiliim01unkngoog_0360.png"; bbox 0 0 1917 2942; ppageno 0'>
   <div class='ocr_carea' id='block_1_1' title="bbox 385 340 1690 382">
    <p class='ocr_par' dir='ltr' id='par_1_1' title="bbox 385 340 1690 382">
     <span class='ocr_line' id='line_1_1' title="bbox 385 340 1690 382; baseline 0.002 -4"><span class='ocrx_word' id='word_1_1' title='bbox 385 340 462 378; x_wconf 73' lang='lat'><strong>558</strong></span> <span class='ocrx_word' id='word_1_2' title='bbox 910 340 1163 381; x_wconf 87' lang='lat' dir='ltr'><strong>AENEIDOS</strong></span> <span class='ocrx_word' id='word_1_3' title='bbox 1639 343 1690 382; x_wconf 81' lang='lat'><strong>97</strong></span> 
     </span>
    </p>
   </div>
   <div class='ocr_carea' id='block_1_2' title="bbox 374 425 1633 2492">
    <p class='ocr_par' dir='ltr' id='par_1_2' title="bbox 374 425 1633 2492">
     <span class='ocr_line' id='line_1_2' title="bbox 388 425 1379 479; baseline 0.003 -14"><span class='ocrx_word' id='word_1_4' title='bbox 388 429 543 467; x_wconf 86' lang='lat' dir='ltr'><strong>AEneas</strong></span> <span class='ocrx_word' id='word_1_5' title='bbox 556 427 575 466; x_wconf 68' lang='grc' dir='ltr'><strong>ἶ)</strong></span> <span class='ocrx_word' id='word_1_6' title='bbox 596 426 668 468; x_wconf 87' lang='lat' dir='ltr'><strong>cui</strong></span> <span class='ocrx_word' id='word_1_7' title='bbox 685 428 805 471; x_wconf 83' lang='lat' dir='ltr'><strong>tanta</strong></span> <span class='ocrx_word' id='word_1_8' title='bbox 823 425 905 468; x_wconf 88' lang='lat' dir='ltr'><strong>deo</strong></span> <span class='ocrx_word' id='word_1_9' title='bbox 921 426 1135 479; x_wconf 86' lang='lat' dir='ltr'><strong>permissa</strong></span> <span class='ocrx_word' id='word_1_10' title='bbox 1153 427 1379 479; x_wconf 77' lang='lat' dir='ltr'><strong>potestas?</strong></span> 
     </span>
     <span class='ocr_line' id='line_1_3' title="bbox 384 493 1531 548; baseline 0.003 -14"><span class='ocrx_word' id='word_1_11' title='bbox 384 496 529 536; x_wconf 89' lang='lat' dir='ltr'><strong>Immo</strong></span> <span class='ocrx_word' id='word_1_12' title='bbox 543 525 553 544; x_wconf 91' lang='lat'>‚</span> <span class='ocrx_word' id='word_1_13' title='bbox 571 494 646 536; x_wconf 86' lang='lat' dir='ltr'><strong>ubi</strong></span> <span class='ocrx_word' id='word_1_14' title='bbox 666 493 885 538; x_wconf 60' lang='lat' dir='ltr'><strong>defunctas</strong></span> <span class='ocrx_word' id='word_1_15' title='bbox 905 494 1039 536; x_wconf 86' lang='lat' dir='ltr'><strong>finem</strong></span> <span class='ocrx_word' id='word_1_16' title='bbox 1061 497 1301 548; x_wconf 86' lang='lat' dir='ltr'><strong>portusque</strong></span> <span class='ocrx_word' id='word_1_17' title='bbox 1320 494 1531 538; x_wconf 81' lang='lat' dir='ltr'><strong>tenebunt</strong></span> 
     </span>
     <span class='ocr_line' id='line_1_4' title="bbox 383 564 1423 619; baseline 0 -13"><span class='ocrx_word' id='word_1_18' title='bbox 383 564 602 607; x_wconf 84' lang='lat' dir='ltr'><strong>Ausonios</strong></span> <span class='ocrx_word' id='word_1_19' title='bbox 618 596 628 612; x_wconf 92' lang='lat'><strong>,</strong></span> <span class='ocrx_word' id='word_1_20' title='bbox 651 566 757 607; x_wconf 90' lang='lat' dir='ltr'><strong>olim</strong></span> <span class='ocrx_word' id='word_1_21' title='bbox 774 576 1052 619; x_wconf 62' lang='lat' dir='ltr'><strong>quaecunque</strong></span> <span class='ocrx_word' id='word_1_22' title='bbox 1066 567 1251 607; x_wconf 77' lang='lat' dir='ltr'>evaserit</span> <span class='ocrx_word' id='word_1_23' title='bbox 1268 565 1398 606; x_wconf 89' lang='lat' dir='ltr'><strong>undis</strong></span> <span class='ocrx_word' id='word_1_24' title='bbox 1413 598 1423 614; x_wconf 88' lang='lat'><strong><em>‚</em></strong></span> 
     </span>
     <span class='ocr_line' id='line_1_5' title="bbox 383 634 1505 687; baseline 0.002 -13"><span class='ocrx_word' id='word_1_25' title='bbox 383 634 742 687; x_wconf 85' lang='lat' dir='ltr'><strong>Dardaniumque</strong></span> <span class='ocrx_word' id='word_1_26' title='bbox 762 634 920 677; x_wconf 88' lang='lat' dir='ltr'><strong>ducem</strong></span> <span class='ocrx_word' id='word_1_27' title='bbox 941 636 1174 687; x_wconf 81' lang='lat' dir='ltr'><strong>Laurentia</strong></span> <span class='ocrx_word' id='word_1_28' title='bbox 1191 635 1360 677; x_wconf 79' lang='lat' dir='ltr'><strong>vexerit</strong></span> <span class='ocrx_word' id='word_1_29' title='bbox 1380 646 1505 682; x_wconf 84' lang='lat' dir='ltr'><strong>arva,</strong></span> 
     </span>
     <span class='ocr_line' id='line_1_6' title="bbox 382 702 1484 758; baseline 0.001 -14"><span class='ocrx_word' id='word_1_30' title='bbox 382 704 616 745; x_wconf 82' lang='lat' dir='ltr'><strong>Mortalem</strong></span> <span class='ocrx_word' id='word_1_31' title='bbox 636 704 822 758; x_wconf 78' lang='lat' dir='ltr'>eripiam</span> <span class='ocrx_word' id='word_1_32' title='bbox 839 702 1047 750; x_wconf 88' lang='lat' dir='ltr'><strong>formam,</strong></span> <span class='ocrx_word' id='word_1_33' title='bbox 1072 703 1306 755; x_wconf 80' lang='lat' dir='ltr'>magnique</span> <span class='ocrx_word' id='word_1_34' title='bbox 1320 704 1484 754; x_wconf 81' lang='lat' dir='ltr'><strong>jubebo</strong></span> 
     </span>
     <span class='ocr_line' id='line_1_7' title="bbox 383 772 1326 826; baseline 0.004 -15"><span class='ocrx_word' id='word_1_35' title='bbox 383 772 586 825; x_wconf 79' lang='lat' dir='ltr'><strong>AEquoriS</strong></span> <span class='ocrx_word' id='word_1_36' title='bbox 617 783 708 815; x_wconf 88' lang='lat' dir='ltr'><strong>esse</strong></span> <span class='ocrx_word' id='word_1_37' title='bbox 728 773 830 815; x_wconf 84' lang='lat' dir='ltr'><strong>deas</strong></span> <span class='ocrx_word' id='word_1_38' title='bbox 850 774 1017 826; x_wconf 86' lang='lat' dir='ltr'><strong>:qualis</strong></span> <span class='ocrx_word' id='word_1_39' title='bbox 1040 774 1197 815; x_wconf 77' lang='lat' dir='ltr'><strong>Nereia</strong></span> <span class='ocrx_word' id='word_1_40' title='bbox 1214 775 1326 815; x_wconf 85' lang='lat' dir='ltr'><strong>Doto</strong></span> 
     </span>
     <span class='ocr_line' id='line_1_8' title="bbox 381 843 1571 897; baseline 0.002 -15"><span class='ocrx_word' id='word_1_41' title='bbox 381 845 436 883; x_wconf 85' lang='lat' dir='ltr'><strong>Et</strong></span> <span class='ocrx_word' id='word_1_42' title='bbox 455 843 636 885; x_wconf 78' lang='lat' dir='ltr'>Galatea</span> <span class='ocrx_word' id='word_1_43' title='bbox 654 845 807 886; x_wconf 84' lang='lat' dir='ltr'><strong>secant</strong></span> <span class='ocrx_word' id='word_1_44' title='bbox 824 845 1104 897; x_wconf 73' lang='lat' dir='ltr'>spumantem</span> <span class='ocrx_word' id='word_1_45' title='bbox 1125 846 1305 897; x_wconf 79' lang='lat' dir='ltr'><strong>pectore</strong></span> <span class='ocrx_word' id='word_1_46' title='bbox 1325 846 1529 897; x_wconf 88' lang='lat' dir='ltr'><strong>pontum.</strong></span> <span class='ocrx_word' id='word_1_47' title='bbox 1553 860 1571 884; x_wconf 69' lang='grc' dir='ltr'><strong>ι»</strong></span> 
     </span>
     <span class='ocr_line' id='line_1_9' title="bbox 434 910 1600 966; baseline 0.003 -14"><span class='ocrx_word' id='word_1_48' title='bbox 434 912 612 954; x_wconf 63' lang='lat' dir='ltr'><strong>Dixerat</strong></span> <span class='ocrx_word' id='word_1_49' title='bbox 635 927 644 949; x_wconf 79' lang='grc' dir='ltr'><strong><em>ι</em></strong></span> <span class='ocrx_word' id='word_1_50' title='bbox 665 913 799 966; x_wconf 85' lang='lat' dir='ltr'><strong>idque</strong></span> <span class='ocrx_word' id='word_1_51' title='bbox 817 915 962 955; x_wconf 83' lang='lat' dir='ltr'><strong>ratum</strong></span> <span class='ocrx_word' id='word_1_52' title='bbox 984 913 1120 965; x_wconf 82' lang='lat' dir='ltr'><strong>Stygii</strong></span> <span class='ocrx_word' id='word_1_53' title='bbox 1137 924 1216 966; x_wconf 88' lang='lat' dir='ltr'><strong>per</strong></span> <span class='ocrx_word' id='word_1_54' title='bbox 1235 910 1417 956; x_wconf 84' lang='lat' dir='ltr'><strong>flumina</strong></span> <span class='ocrx_word' id='word_1_55' title='bbox 1435 912 1600 960; x_wconf 82' lang='lat' dir='ltr'><strong>fratris,</strong></span> 
     </span>
     <span class='ocr_line' id='line_1_10' title="bbox 382 982 1381 1038; baseline 0.003 -17"><span class='ocrx_word' id='word_1_56' title='bbox 382 983 468 1022; x_wconf 86' lang='lat' dir='ltr'><strong>Per</strong></span> <span class='ocrx_word' id='word_1_57' title='bbox 483 982 581 1035; x_wconf 85' lang='lat' dir='ltr'><strong>pice</strong></span> <span class='ocrx_word' id='word_1_58' title='bbox 596 984 813 1025; x_wconf 78' lang='lat' dir='ltr'>torrentes</span> <span class='ocrx_word' id='word_1_59' title='bbox 831 987 1013 1036; x_wconf 77' lang='lat' dir='ltr'><strong>atraque</strong></span> <span class='ocrx_word' id='word_1_60' title='bbox 1037 983 1246 1035; x_wconf 79' lang='lat' dir='ltr'><strong>voragine</strong></span> <span class='ocrx_word' id='word_1_61' title='bbox 1266 984 1381 1038; x_wconf 83' lang='lat' dir='ltr'><strong>ripas</strong></span> 
     </span>
     <span class='ocr_line' id='line_1_11' title="bbox 382 1050 1481 1107; baseline 0 -16"><span class='ocrx_word' id='word_1_62' title='bbox 382 1050 572 1098; x_wconf 86' lang='lat' dir='ltr'>Adnuit,</span> <span class='ocrx_word' id='word_1_63' title='bbox 597 1056 640 1092; x_wconf 83' lang='lat' dir='ltr'><strong>et</strong></span> <span class='ocrx_word' id='word_1_64' title='bbox 663 1054 806 1093; x_wconf 86' lang='lat' dir='ltr'><strong>totum</strong></span> <span class='ocrx_word' id='word_1_65' title='bbox 826 1056 938 1093; x_wconf 83' lang='lat' dir='ltr'><strong>nutu</strong></span> <span class='ocrx_word' id='word_1_66' title='bbox 962 1051 1208 1095; x_wconf 79' lang='lat' dir='ltr'><strong>tremefecit</strong></span> <span class='ocrx_word' id='word_1_67' title='bbox 1228 1054 1481 1107; x_wconf 82' lang='lat' dir='ltr'>Olympum.</span> 
     </span>
     <span class='ocr_line' id='line_1_12' title="bbox 433 1121 1534 1177; baseline 0.002 -15"><span class='ocrx_word' id='word_1_68' title='bbox 433 1125 550 1173; x_wconf 84' lang='lat' dir='ltr'><strong>Ergo</strong></span> <span class='ocrx_word' id='word_1_69' title='bbox 567 1121 719 1163; x_wconf 82' lang='lat' dir='ltr'><strong>aderat</strong></span> <span class='ocrx_word' id='word_1_70' title='bbox 733 1123 946 1176; x_wconf 85' lang='lat' dir='ltr'><strong>promissa</strong></span> <span class='ocrx_word' id='word_1_71' title='bbox 968 1121 1081 1169; x_wconf 88' lang='lat' dir='ltr'><strong>dies,</strong></span> <span class='ocrx_word' id='word_1_72' title='bbox 1103 1126 1147 1164; x_wconf 88' lang='lat' dir='ltr'><strong>et</strong></span> <span class='ocrx_word' id='word_1_73' title='bbox 1164 1125 1362 1177; x_wconf 64' lang='lat' dir='ltr'><strong>‘tempora</strong></span> <span class='ocrx_word' id='word_1_74' title='bbox 1384 1126 1534 1165; x_wconf 79' lang='lat' dir='ltr'><strong>Parcae</strong></span> 
     </span>
     <span class='ocr_line' id='line_1_13' title="bbox 380 1190 1562 1246; baseline 0.004 -16"><span class='ocrx_word' id='word_1_75' title='bbox 380 1190 534 1233; x_wconf 77' lang='lat' dir='ltr'><strong>Debita</strong></span> <span class='ocrx_word' id='word_1_76' title='bbox 553 1193 857 1245; x_wconf 78' lang='lat' dir='ltr'><strong>complerant3</strong></span> <span class='ocrx_word' id='word_1_77' title='bbox 882 1204 1018 1246; x_wconf 90' lang='lat' dir='ltr'><strong>quum</strong></span> <span class='ocrx_word' id='word_1_78' title='bbox 1041 1192 1177 1233; x_wconf 88' lang='lat' dir='ltr'><strong>Turni</strong></span> <span class='ocrx_word' id='word_1_79' title='bbox 1196 1192 1360 1244; x_wconf 79' lang='lat' dir='ltr'><strong>inJ&#39;uria</strong></span> <span class='ocrx_word' id='word_1_80' title='bbox 1377 1194 1562 1235; x_wconf 84' lang='lat' dir='ltr'><strong>Matrem</strong></span> 
     </span>
     <span class='ocr_line' id='line_1_14' title="bbox 380 1259 1374 1315; baseline 0.003 -15"><span class='ocrx_word' id='word_1_81' title='bbox 380 1259 624 1302; x_wconf 84' lang='lat' dir='ltr'>Admonuit</span> <span class='ocrx_word' id='word_1_82' title='bbox 641 1262 808 1303; x_wconf 84' lang='lat' dir='ltr'><strong>ratibus</strong></span> <span class='ocrx_word' id='word_1_83' title='bbox 830 1262 962 1303; x_wconf 86' lang='lat' dir='ltr'><strong>sacris</strong></span> <span class='ocrx_word' id='word_1_84' title='bbox 981 1261 1202 1315; x_wconf 75' lang='lat' dir='ltr'><strong>depellere</strong></span> <span class='ocrx_word' id='word_1_85' title='bbox 1225 1262 1374 1303; x_wconf 82' lang='lat' dir='ltr'><strong>taedas.</strong></span> 
     </span>
     <span class='ocr_line' id='line_1_15' title="bbox 379 1330 1491 1385; baseline 0.003 -15"><span class='ocrx_word' id='word_1_86' title='bbox 379 1330 463 1371; x_wconf 86' lang='lat' dir='ltr'><strong>Hic</strong></span> <span class='ocrx_word' id='word_1_87' title='bbox 477 1332 671 1385; x_wconf 88' lang='lat' dir='ltr'><strong>primum</strong></span> <span class='ocrx_word' id='word_1_88' title='bbox 686 1342 804 1374; x_wconf 84' lang='lat' dir='ltr'><strong>nova</strong></span> <span class='ocrx_word' id='word_1_89' title='bbox 824 1332 896 1374; x_wconf 84' lang='lat' dir='ltr'><strong>lux</strong></span> <span class='ocrx_word' id='word_1_90' title='bbox 916 1331 1055 1374; x_wconf 82' lang='lat' dir='ltr'><strong>oculis</strong></span> <span class='ocrx_word' id='word_1_91' title='bbox 1073 1330 1248 1378; x_wconf 79' lang='lat' dir='ltr'><strong>effulsit,</strong></span> <span class='ocrx_word' id='word_1_92' title='bbox 1273 1334 1317 1375; x_wconf 89' lang='lat' dir='ltr'><strong>et</strong></span> <span class='ocrx_word' id='word_1_93' title='bbox 1336 1333 1491 1384; x_wconf 79' lang='lat' dir='ltr'><strong>ingens</strong></span> 
     </span>
     <span class='ocr_line' id='line_1_16' title="bbox 379 1399 1504 1447; baseline 0.004 -10"><span class='ocrx_word' id='word_1_94' title='bbox 379 1399 506 1441; x_wconf 87' lang='lat' dir='ltr'><strong>Visus</strong></span> <span class='ocrx_word' id='word_1_95' title='bbox 525 1400 578 1441; x_wconf 86' lang='lat' dir='ltr'><strong>ab</strong></span> <span class='ocrx_word' id='word_1_96' title='bbox 602 1406 776 1441; x_wconf 82' lang='lat' dir='ltr'><strong>Aurora</strong></span> <span class='ocrx_word' id='word_1_97' title='bbox 796 1401 957 1442; x_wconf 88' lang='lat' dir='ltr'><strong>coelum</strong></span> <span class='ocrx_word' id='word_1_98' title='bbox 976 1402 1280 1444; x_wconf 73' lang='lat' dir='ltr'><strong>transcurrere</strong></span> <span class='ocrx_word' id='word_1_99' title='bbox 1298 1400 1475 1441; x_wconf 86' lang='lat' dir='ltr'>nimbus</span> <span class='ocrx_word' id='word_1_100' title='bbox 1494 1431 1504 1447; x_wconf 88' lang='lat'><strong>,</strong></span> 
     </span>
     <span class='ocr_line' id='line_1_17' title="bbox 377 1468 1456 1521; baseline 0 -11"><span class='ocrx_word' id='word_1_101' title='bbox 377 1468 570 1521; x_wconf 76' lang='lat' dir='ltr'><strong>Idaeique</strong></span> <span class='ocrx_word' id='word_1_102' title='bbox 590 1468 712 1511; x_wconf 91' lang='lat' dir='ltr'><strong>chori</strong></span> <span class='ocrx_word' id='word_1_103' title='bbox 736 1482 746 1506; x_wconf 73' lang='grc' dir='ltr'>ε</span> <span class='ocrx_word' id='word_1_104' title='bbox 769 1471 863 1511; x_wconf 86' lang='lat' dir='ltr'><strong>tum</strong></span> <span class='ocrx_word' id='word_1_105' title='bbox 884 1480 969 1511; x_wconf 86' lang='lat' dir='ltr'><strong>vox</strong></span> <span class='ocrx_word' id='word_1_106' title='bbox 987 1469 1209 1510; x_wconf 84' lang='lat' dir='ltr'><strong>horrenda</strong></span> <span class='ocrx_word' id='word_1_107' title='bbox 1232 1481 1312 1521; x_wconf 87' lang='lat' dir='ltr'><strong>per</strong></span> <span class='ocrx_word' id='word_1_108' title='bbox 1331 1481 1456 1511; x_wconf 86' lang='lat' dir='ltr'><strong>auras</strong></span> 
     </span>
     <span class='ocr_line' id='line_1_18' title="bbox 377 1538 1633 1593; baseline 0.001 -14"><span class='ocrx_word' id='word_1_109' title='bbox 377 1538 573 1590; x_wconf 82' lang='lat' dir='ltr'><strong>Excidit,</strong></span> <span class='ocrx_word' id='word_1_110' title='bbox 594 1543 638 1581; x_wconf 86' lang='lat' dir='ltr'><strong>et</strong></span> <span class='ocrx_word' id='word_1_111' title='bbox 655 1543 821 1582; x_wconf 85' lang='lat' dir='ltr'>Troum</span> <span class='ocrx_word' id='word_1_112' title='bbox 842 1539 1199 1592; x_wconf 77' lang='lat' dir='ltr'><strong>Rutulorumque</strong></span> <span class='ocrx_word' id='word_1_113' title='bbox 1219 1540 1394 1591; x_wconf 83' lang='lat' dir='ltr'>agmina</span> <span class='ocrx_word' id='word_1_114' title='bbox 1410 1540 1602 1593; x_wconf 86' lang='lat' dir='ltr'><strong>complet</strong></span> <span class='ocrx_word' id='word_1_115' title='bbox 1622 1555 1633 1580; x_wconf 74' lang='grc' dir='ltr'>ε</span> 
     </span>
     <span class='ocr_line' id='line_1_19' title="bbox 381 1609 1527 1664; baseline 0 -14"><span class='ocrx_word' id='word_1_116' title='bbox 381 1623 398 1645; x_wconf 78' lang='grc' dir='ltr'>ι</span> <span class='ocrx_word' id='word_1_117' title='bbox 420 1611 483 1652; x_wconf 89' lang='lat' dir='ltr'><strong>Ne</strong></span> <span class='ocrx_word' id='word_1_118' title='bbox 505 1609 718 1664; x_wconf 82' lang='lat' dir='ltr'><strong>trepidate</strong></span> <span class='ocrx_word' id='word_1_119' title='bbox 737 1621 855 1652; x_wconf 85' lang='lat' dir='ltr'><strong>meas</strong></span> <span class='ocrx_word' id='word_1_120' title='bbox 874 1641 883 1655; x_wconf 83' lang='lat'><strong>,</strong></span> <span class='ocrx_word' id='word_1_121' title='bbox 907 1611 1089 1655; x_wconf 85' lang='lat' dir='ltr'><strong>Teucri,</strong></span> <span class='ocrx_word' id='word_1_122' title='bbox 1113 1609 1352 1652; x_wconf 75' lang='lat' dir='ltr'><strong>defendere</strong></span> <span class='ocrx_word' id='word_1_123' title='bbox 1373 1621 1527 1656; x_wconf 87' lang='lat' dir='ltr'><strong>naves,</strong></span> 
     </span>
     <span class='ocr_line' id='line_1_20' title="bbox 378 1680 1542 1728; baseline 0.001 -8"><span class='ocrx_word' id='word_1_124' title='bbox 378 1682 495 1722; x_wconf 88' lang='lat' dir='ltr'><strong>Neve</strong></span> <span class='ocrx_word' id='word_1_125' title='bbox 513 1683 677 1722; x_wconf 86' lang='lat' dir='ltr'><strong>armate</strong></span> <span class='ocrx_word' id='word_1_126' title='bbox 691 1691 871 1727; x_wconf 88' lang='lat' dir='ltr'><strong>manus;</strong></span> <span class='ocrx_word' id='word_1_127' title='bbox 892 1680 1034 1721; x_wconf 87' lang='lat' dir='ltr'><strong>maria</strong></span> <span class='ocrx_word' id='word_1_128' title='bbox 1050 1681 1152 1721; x_wconf 88' lang='lat' dir='ltr'><strong>ante</strong></span> <span class='ocrx_word' id='word_1_129' title='bbox 1171 1690 1352 1722; x_wconf 77' lang='lat' dir='ltr'><strong>exurere</strong></span> <span class='ocrx_word' id='word_1_130' title='bbox 1371 1684 1542 1728; x_wconf 88' lang='lat' dir='ltr'><strong>Turno,</strong></span> 
     </span>
     <span class='ocr_line' id='line_1_21' title="bbox 377 1749 1410 1800; baseline 0 -9"><span class='ocrx_word' id='word_1_131' title='bbox 377 1752 517 1800; x_wconf 82' lang='lat' dir='ltr'><strong>Quam</strong></span> <span class='ocrx_word' id='word_1_132' title='bbox 533 1760 676 1792; x_wconf 85' lang='lat' dir='ltr'><strong>sacras</strong></span> <span class='ocrx_word' id='word_1_133' title='bbox 696 1749 872 1792; x_wconf 85' lang='lat' dir='ltr'><strong>dabitur</strong></span> <span class='ocrx_word' id='word_1_134' title='bbox 891 1750 1034 1799; x_wconf 73' lang='lat' dir='ltr'><strong>pinus.</strong></span> <span class='ocrx_word' id='word_1_135' title='bbox 1054 1753 1134 1790; x_wconf 87' lang='lat' dir='ltr'><strong>Vos</strong></span> <span class='ocrx_word' id='word_1_136' title='bbox 1155 1749 1215 1791; x_wconf 82' lang='lat' dir='ltr'><strong>ile</strong></span> <span class='ocrx_word' id='word_1_137' title='bbox 1228 1750 1383 1791; x_wconf 81' lang='lat' dir='ltr'><strong>solutae</strong></span> <span class='ocrx_word' id='word_1_138' title='bbox 1400 1780 1410 1795; x_wconf 83' lang='lat'>‚</span> 
     </span>
     <span class='ocr_line' id='line_1_22' title="bbox 374 1818 1613 1873; baseline -0.001 -12"><span class='ocrx_word' id='word_1_139' title='bbox 374 1823 463 1866; x_wconf 88' lang='lat' dir='ltr'><strong>Ite,</strong></span> <span class='ocrx_word' id='word_1_140' title='bbox 485 1818 576 1861; x_wconf 78' lang='lat' dir='ltr'><strong>deae</strong></span> <span class='ocrx_word' id='word_1_141' title='bbox 592 1819 732 1873; x_wconf 78' lang='lat' dir='ltr'><strong>pelagi</strong></span> <span class='ocrx_word' id='word_1_142' title='bbox 749 1836 759 1867; x_wconf 91' lang='grc'>;</span> <span class='ocrx_word' id='word_1_143' title='bbox 776 1819 1132 1870; x_wconf 82' lang='lat' dir='ltr'><strong>Genitrixjubet.</strong></span> <span class='ocrx_word' id='word_1_144' title='bbox 1155 1835 1172 1858; x_wconf 80' lang='grc'>»</span> <span class='ocrx_word' id='word_1_145' title='bbox 1196 1820 1266 1864; x_wconf 86' lang='lat' dir='ltr'><strong>Et,</strong></span> <span class='ocrx_word' id='word_1_146' title='bbox 1296 1830 1374 1860; x_wconf 88' lang='lat' dir='ltr'><strong>sua</strong></span> <span class='ocrx_word' id='word_1_147' title='bbox 1401 1829 1587 1872; x_wconf 82' lang='lat' dir='ltr'><strong>quaeque</strong></span> <span class='ocrx_word' id='word_1_148' title='bbox 1603 1851 1613 1868; x_wconf 94' lang='lat'><strong><em>‚</em></strong></span> 
     </span>
     <span class='ocr_line' id='line_1_23' title="bbox 376 1888 1433 1943; baseline 0.002 -14"><span class='ocrx_word' id='word_1_149' title='bbox 376 1889 598 1930; x_wconf 84' lang='lat' dir='ltr'><strong>Continuo</strong></span> <span class='ocrx_word' id='word_1_150' title='bbox 623 1901 790 1943; x_wconf 82' lang='lat' dir='ltr'><strong>puppes</strong></span> <span class='ocrx_word' id='word_1_151' title='bbox 810 1891 1084 1943; x_wconf 87' lang='lat' dir='ltr'><strong>abrumpunt</strong></span> <span class='ocrx_word' id='word_1_152' title='bbox 1104 1888 1284 1931; x_wconf 81' lang='lat' dir='ltr'><strong>vincula</strong></span> <span class='ocrx_word' id='word_1_153' title='bbox 1306 1890 1433 1943; x_wconf 86' lang='lat' dir='ltr'><strong>ripis,</strong></span> 
     </span>
     <span class='ocr_line' id='line_1_24' title="bbox 377 1957 1479 2012; baseline 0 -13"><span class='ocrx_word' id='word_1_154' title='bbox 377 1957 733 2012; x_wconf 72' lang='lat' dir='ltr'><strong>Delphini‘imque</strong></span> <span class='ocrx_word' id='word_1_155' title='bbox 747 1957 882 2000; x_wconf 88' lang='lat' dir='ltr'><strong>modo</strong></span> <span class='ocrx_word' id='word_1_156' title='bbox 897 1959 1105 2001; x_wconf 87' lang='lat' dir='ltr'><strong>demersis</strong></span> <span class='ocrx_word' id='word_1_157' title='bbox 1126 1968 1302 2009; x_wconf 84' lang='lat' dir='ltr'><strong>aequora</strong></span> <span class='ocrx_word' id='word_1_158' title='bbox 1321 1958 1479 2000; x_wconf 89' lang='lat' dir='ltr'><strong>rostris</strong></span> 
     </span>
     <span class='ocr_line' id='line_1_25' title="bbox 376 2028 1553 2082; baseline 0 -12"><span class='ocrx_word' id='word_1_159' title='bbox 376 2031 469 2070; x_wconf 84' lang='lat' dir='ltr'><strong>Ima</strong></span> <span class='ocrx_word' id='word_1_160' title='bbox 485 2029 659 2082; x_wconf 85' lang='lat' dir='ltr'><strong>petunt.</strong></span> <span class='ocrx_word' id='word_1_161' title='bbox 674 2030 786 2070; x_wconf 78' lang='lat' dir='ltr'><strong>Hinc</strong></span> <span class='ocrx_word' id='word_1_162' title='bbox 804 2028 1039 2081; x_wconf 76' lang='lat' dir='ltr'><strong>virgineae,</strong></span> <span class='ocrx_word' id='word_1_163' title='bbox 1062 2028 1261 2070; x_wconf 89' lang='lat' dir='ltr'><strong>mirabile</strong></span> <span class='ocrx_word' id='word_1_164' title='bbox 1276 2030 1524 2071; x_wconf 87' lang='lat' dir='ltr'><strong>monstrum</strong></span> <span class='ocrx_word' id='word_1_165' title='bbox 1541 2056 1553 2076; x_wconf 83' lang='lat'>‚</span> 
     </span>
     <span class='ocr_line' id='line_1_26' title="bbox 376 2098 1436 2156; baseline 0.001 -16"><span class='ocrx_word' id='word_1_166' title='bbox 376 2100 514 2150; x_wconf 86' lang='lat' dir='ltr'><strong>(Quot</strong></span> <span class='ocrx_word' id='word_1_167' title='bbox 530 2099 648 2152; x_wconf 88' lang='lat' dir='ltr'><strong>prius</strong></span> <span class='ocrx_word' id='word_1_168' title='bbox 665 2103 807 2156; x_wconf 62' lang='lat' dir='ltr'><strong>aeralgae</strong></span> <span class='ocrx_word' id='word_1_169' title='bbox 827 2100 1040 2141; x_wconf 84' lang='lat' dir='ltr'><strong>steterant</strong></span> <span class='ocrx_word' id='word_1_170' title='bbox 1055 2098 1106 2139; x_wconf 88' lang='lat' dir='ltr'><strong>ad</strong></span> <span class='ocrx_word' id='word_1_171' title='bbox 1128 2099 1258 2140; x_wconf 88' lang='lat' dir='ltr'><strong>litora</strong></span> <span class='ocrx_word' id='word_1_172' title='bbox 1275 2105 1436 2153; x_wconf 82' lang='lat' dir='ltr'><strong>prorae)</strong></span> 
     </span>
     <span class='ocr_line' id='line_1_27' title="bbox 377 2167 1517 2223; baseline 0.001 -15"><span class='ocrx_word' id='word_1_173' title='bbox 377 2168 590 2210; x_wconf 87' lang='lat' dir='ltr'><strong>Reddnnt</strong></span> <span class='ocrx_word' id='word_1_174' title='bbox 608 2179 653 2209; x_wconf 89' lang='lat' dir='ltr'><strong>se</strong></span> <span class='ocrx_word' id='word_1_175' title='bbox 675 2167 858 2211; x_wconf 88' lang='lat' dir='ltr'><strong>totidem</strong></span> <span class='ocrx_word' id='word_1_176' title='bbox 876 2167 1031 2217; x_wconf 83' lang='lat' dir='ltr'><strong>facies,</strong></span> <span class='ocrx_word' id='word_1_177' title='bbox 1053 2171 1282 2223; x_wconf 85' lang='lat' dir='ltr'><strong>pontoque</strong></span> <span class='ocrx_word' id='word_1_178' title='bbox 1300 2168 1517 2212; x_wconf 83' lang='lat' dir='ltr'><strong>feruntur.</strong></span> 
     </span>
     <span class='ocr_line' id='line_1_28' title="bbox 434 2238 1463 2293; baseline 0.004 -15"><span class='ocrx_word' id='word_1_179' title='bbox 434 2238 709 2292; x_wconf 86' lang='lat' dir='ltr'><strong>Obstupuere</strong></span> <span class='ocrx_word' id='word_1_180' title='bbox 723 2238 881 2279; x_wconf 88' lang='lat' dir='ltr'><strong>animis</strong></span> <span class='ocrx_word' id='word_1_181' title='bbox 894 2239 1067 2287; x_wconf 81' lang='lat' dir='ltr'><strong>Rutuli3</strong></span> <span class='ocrx_word' id='word_1_182' title='bbox 1086 2239 1352 2281; x_wconf 81' lang='lat' dir='ltr'><strong>conterritus</strong></span> <span class='ocrx_word' id='word_1_183' title='bbox 1371 2240 1463 2293; x_wconf 83' lang='lat' dir='ltr'><strong>ipse</strong></span> 
     </span>
     <span class='ocr_line' id='line_1_29' title="bbox 377 2306 1459 2363; baseline 0.004 -15"><span class='ocrx_word' id='word_1_184' title='bbox 377 2306 580 2348; x_wconf 83' lang='lat' dir='ltr'><strong>Turbatis</strong></span> <span class='ocrx_word' id='word_1_185' title='bbox 602 2310 823 2363; x_wconf 84' lang='lat' dir='ltr'><strong>Messapus</strong></span> <span class='ocrx_word' id='word_1_186' title='bbox 840 2308 962 2361; x_wconf 89' lang='lat' dir='ltr'><strong>equis</strong></span> <span class='ocrx_word' id='word_1_187' title='bbox 977 2325 988 2358; x_wconf 90' lang='grc'>;</span> <span class='ocrx_word' id='word_1_188' title='bbox 1008 2311 1242 2352; x_wconf 81' lang='lat' dir='ltr'><strong>cunctatur</strong></span> <span class='ocrx_word' id='word_1_189' title='bbox 1258 2312 1302 2353; x_wconf 88' lang='lat' dir='ltr'><strong>et</strong></span> <span class='ocrx_word' id='word_1_190' title='bbox 1320 2311 1459 2353; x_wconf 84' lang='lat' dir='ltr'><strong>amnis</strong></span> 
     </span>
     <span class='ocr_line' id='line_1_30' title="bbox 375 2376 1631 2432; baseline 0.001 -13"><span class='ocrx_word' id='word_1_191' title='bbox 375 2380 523 2420; x_wconf 83' lang='lat' dir='ltr'><strong>Rauca</strong></span> <span class='ocrx_word' id='word_1_192' title='bbox 542 2389 724 2427; x_wconf 88' lang='lat' dir='ltr'><strong>sonans,</strong></span> <span class='ocrx_word' id='word_1_193' title='bbox 749 2381 1012 2431; x_wconf 84' lang='lat' dir='ltr'><strong>revocatque</strong></span> <span class='ocrx_word' id='word_1_194' title='bbox 1025 2376 1183 2432; x_wconf 90' lang='lat' dir='ltr'><strong>pedem</strong></span> <span class='ocrx_word' id='word_1_195' title='bbox 1202 2377 1433 2423; x_wconf 84' lang='lat' dir='ltr'><strong>Tiberinus</strong></span> <span class='ocrx_word' id='word_1_196' title='bbox 1453 2380 1505 2423; x_wconf 74' lang='lat' dir='ltr'><strong>ali</strong></span> <span class='ocrx_word' id='word_1_197' title='bbox 1525 2379 1631 2422; x_wconf 78' lang='lat' dir='ltr'><strong>alto.</strong></span> 
     </span>
     <span class='ocr_line' id='line_1_31' title="bbox 383 2446 1233 2492; baseline 0.005 -4"><span class='ocrx_word' id='word_1_198' title='bbox 383 2450 436 2489; x_wconf 67' lang='lat' dir='ltr'><strong>At</strong></span> <span class='ocrx_word' id='word_1_199' title='bbox 453 2458 543 2490; x_wconf 88' lang='lat' dir='ltr'><strong>non</strong></span> <span class='ocrx_word' id='word_1_200' title='bbox 565 2446 716 2492; x_wconf 83' lang='lat' dir='ltr'><strong>audaci</strong></span> <span class='ocrx_word' id='word_1_201' title='bbox 737 2447 864 2492; x_wconf 84' lang='lat' dir='ltr'><strong>cessit</strong></span> <span class='ocrx_word' id='word_1_202' title='bbox 883 2447 1042 2491; x_wconf 83' lang='lat' dir='ltr'><strong>fiducia</strong></span> <span class='ocrx_word' id='word_1_203' title='bbox 1060 2452 1233 2492; x_wconf 70' lang='lat' dir='ltr'><strong>Turnoz</strong></span> 
     </span>
    </p>
   </div>
  </div>
 </body>
</html>
