1917 2942
336 316 411 355 ⁴82
468 356 471 358 ,
859 317 1108 364 AENEIDOS
1565 318 1642 356 585

339 403 437 442 Non
456 401 529 441 ita.
550 402 763 454 Namque,
786 402 867 444 etsi
883 401 1059 443 nullum
1073 402 1359 444 memorabile
1380 413 1545 445 nomen

336 470 542 513 Feminea
562 471 607 510 in
627 481 759 523 poena
779 474 864 518 est,
897 483 982 513 nec
996 472 1129 513 habet
1143 472 1329 514 victoria
1351 472 1525 515 laudem
1544 488 1553 519 ;

336 538 596 581 Exstinxisse
616 538 737 581 nefas
754 542 901 583 tamen
920 571 929 587 ‚
952 541 997 581 et
1011 542 1213 582 sumsisse
1230 543 1439 583 merentis

338 609 567 650 Laudabor
585 619 761 663 poenas3
783 610 1067 662 animumque
1090 609 1282 666 explesse
1295 609 1465 660 juvabit

338 678 516 726 Ultricis
536 677 743 726 flammae,
767 681 811 721 et
829 678 999 721 cineres
1014 681 1190 722 satiasse
1210 691 1425 723 meorum.

337 749 458 790 Talia
468 749 689 800 jactabam
707 782 716 797 ‚
740 752 783 791 et
799 747 957 790 furiata
976 752 1125 792 mente
1145 749 1313 792 ferebar
1331 750 1363 797 ;)

338 820 484 866 Quum
502 817 611 859 mihi
626 828 671 860 se
684 849 694 867 ,
716 829 808 859 non
825 820 927 859 aute
947 818 1082 859 oculis
1104 820 1192 859 tam
1209 819 1328 860 clara
1341 849 1351 865 ‚
1375 816 1612 859 videndam

340 888 537 935 Obtulit,
561 892 605 930 et
621 899 734 941 pura
748 900 828 942 per
843 892 1025 930 noctem
1038 890 1085 929 in
1103 889 1201 930 luce
1217 888 1389 932 refulsit

340 959 469 999 Alma
484 971 644 1013 parens
662 990 670 1006 ,
693 958 892 1001 confessa
913 958 1043 1000 deam
1062 990 1072 1011 ,
1093 960 1320 1013 qualisque
1339 959 1483 1001 videri

339 1027 556 1070 coelicolis
574 1060 582 1076 ‚
605 1030 650 1071 et
666 1031 831 1081 quanta
849 1028 984 1076 solet3
1007 1028 1246 1081 dextraque
1261 1027 1526 1082 prehensum

341 1096 599 1144 continuit,
620 1108 834 1150 roseoque
850 1097 945 1139 haec
966 1098 1145 1151 insuper
1164 1096 1337 1138 addidit
1350 1107 1428 1139 ore
1446 1113 1456 1137 ι

397 1181 412 1204 (ι
433 1168 546 1209 Nate
559 1197 569 1214 ,
591 1167 686 1220 quis
701 1167 938 1209 indomitas
961 1171 1105 1209 tantus
1127 1167 1254 1209 dolor
1274 1167 1432 1210 excitat
1448 1168 1562 1209 iras?

343 1235 458 1285 Quid
473 1233 580 1277 furis
598 1238 616 1277 Ρ
638 1240 712 1277 aut
727 1247 921 1290 quonam
939 1237 1080 1278 nostri
1103 1236 1177 1277 tibi
1196 1247 1301 1278 cura
1315 1236 1523 1285 recessit?

342 1308 437 1346 Non
456 1306 575 1358 prius
593 1305 828 1359 adspicies,
854 1305 925 1346 ubi
942 1305 1104 1348 fessum
1121 1308 1248 1347 aetate
1268 1307 1495 1359 parentem

343 1375 539 1428 Liqueris
553 1375 774 1418 Anchisen
790 1378 808 1417 ?
829 1378 1010 1429 superet
1024 1386 1242 1427 consuxne
1259 1378 1418 1416 Creusa
1436 1404 1444 1420 ‚

345 1448 646 1503 Ascaniusque
668 1451 806 1502 puer?
826 1460 938 1504 qnos
957 1461 1110 1491 omnes
1129 1439 1324 1502 undique
1352 1448 1492 1490 Graiae.

316 1514 323 1517 ’
344 1520 520 1559 Circum
536 1521 688 1560 errant
708 1519 845 1567 acies;
868 1520 932 1566 et,
956 1521 1004 1560 ni
1025 1529 1122 1560 mea
1139 1530 1245 1561 cura
1263 1519 1459 1564 resistat,

344 1590 444 1630 Jam
459 1586 647 1629 flamma-3
667 1589 874 1636 tulerint,
898 1588 1107 1629 inimicus
1123 1590 1166 1629 et
1180 1587 1374 1629 hauserit
1386 1588 1515 1629 ensis.
1584 1622 1588 1624 ,

345 1658 448 1698 Non
469 1657 547 1698 vtihi
565 1656 828 1710 Tyndaridis
861 1656 991 1701 facies
1012 1658 1155 1700 invisa
1172 1660 1365 1698 Lacaenae
1380 1687 1390 1701 .

344 1727 608 1781 Culpatusve
626 1728 774 1778 Paris;
793 1727 944 1770 divum
964 1727 1274 1790 inclementia,
1297 1724 1470 1772 divum,

346 1801 436 1840 Has
452 1800 611 1841 evertit
630 1809 735 1852 opes
754 1831 764 1847 ,
779 1799 1026 1857 sternitque
1045 1810 1070 1840 a
1091 1797 1281 1852 culmine
1308 1798 1499 1848 Trojam.

346 1868 562 1922 Adspice:
585 1879 775 1922 namque
790 1879 996 1915 omnem,
1021 1877 1118 1920 quae
1139 1877 1260 1909 nunc
1278 1865 1470 1909 obducta
1490 1866 1629 1908 tuenti

344 1939 547 1980 Mortales
564 1938 744 1981 hebetat
759 1938 878 1980 visus
903 1937 1006 1985 tibi,
1029 1936 1269 1980 ethumida
1291 1937 1461 1979 circuni

346 2009 541 2061 caligat,
565 2009 731 2051 nubem
751 2009 951 2063 eripiam.
969 2011 1032 2050 Tu
1054 2018 1110 2050 ne
1132 2020 1214 2061 qua
1232 2007 1425 2061 parentis

345 2081 475 2119 Jussa
491 2078 596 2120 time
614 2109 623 2125 ,
646 2088 734 2119 nen
750 2079 984 2132 praeceptis
997 2088 1154 2131 ‚parere
1174 2087 1343 2118 recusa.

347 2149 454 2196 Hic,
475 2147 551 2188 ubi
569 2149 770 2199 disjectas
783 2147 946 2194 moles,
968 2147 1203 2199 avulsaque
1219 2146 1330 2188 saxis

346 2224 453 2262 Saxa
468 2218 613 2265 vides,
632 2219 855 2272 mixtoque
872 2218 1115 2260 undantem
1130 2218 1313 2272 pulvere
1334 2215 1502 2257 sumum
1520 2249 1527 2262 .

347 2289 580 2340 Neptunus
600 2298 752 2341 muros
770 2319 779 2334 ,
800 2298 1053 2341 magnoque
1073 2288 1219 2328 emota
1236 2285 1415 2328 tridenti

347 2356 655 2398 Fundamenta
672 2358 835 2409 quatit,
860 2359 1085 2409 totamque
1107 2355 1159 2397 ab
1175 2355 1348 2398 sedibus
1370 2355 1527 2397 urbem

349 2428 489 2469 Emit.
513 2429 597 2469 Hic
618 2430 734 2469 ‚Iuno
753 2431 893 2470 Scaeas
913 2428 1150 2470 saevissima
1165 2430 1313 2479 portas
