1917 2942
304 357 381 396 230
837 360 1002 401 LIBER
1029 362 1103 401 XI.
1526 365 1601 403 4253

306 444 388 494 Qui
407 443 572 485 bellum
586 445 842 495 intulerint,
865 458 962 501 quas
977 458 1105 490 causa
1124 448 1361 493 adtraxerit
1376 451 1533 506 Arpos.

307 513 479 557 Auditis
498 514 569 556 ille
588 515 684 557 haec
701 516 875 570 placido
893 517 956 558 sic
972 517 1168 560 reddidit
1186 530 1289 561 ore:

360 599 378 622 «
398 587 433 625 Ο
454 585 688 628 fortunatae
703 589 876 639 gentes,
907 589 1112 632 Saturnia
1128 600 1265 642 regna
1278 621 1288 638 ,

308 654 489 708 Antiqui
505 655 685 697 Ausonii
701 688 711 706 ‚
732 667 828 711 quae
848 667 926 699 vos
950 656 1127 701 fortuna
1149 660 1320 713 quietos

306 723 518 766 Sollicitat
534 756 542 770 .
560 724 801 778 suadetque
816 727 971 779 ignota
989 727 1204 771 lacessere
1223 728 1339 771 bella
1352 729 1372 769 ?

306 792 566 845 Quicunque
581 792 734 835 Iliacos
753 791 869 835 ferro
885 794 1143 836 violavimus
1159 807 1284 848 agros

308 863 450 913 (Mitto
469 873 520 904 ea
536 894 546 910 ,
566 874 663 917 quae
681 864 817 905 muris
833 864 1035 907 bellando
1051 865 1262 908 exhausta
1281 866 1359 908 sub
1380 867 1501 911 altis.

308 936 426 983 Quos
445 932 603 974 Simois
623 939 794 986 premat
812 934 884 976 ille
903 934 1055 988 viros),
1076 934 1198 978 infan
1208 935 1261 980 da
1279 948 1360 989 per
1378 937 1532 978 orbem

308 1001 540 1056 Supplicia·
557 1004 601 1044 et
618 1004 833 1045 scelerum
854 1014 1005 1056 poenas
1023 1004 1309 1058 expendimus
1325 1016 1502 1051 omnes.

308 1073 382 1113 Vel
404 1074 573 1115 Priamo
592 1073 840 1116 miseranda
862 1084 1017 1116 manus
1038 1083 1048 1111 2
1069 1076 1154 1117 scit
1172 1076 1296 1119 triste
1311 1076 1518 1119 Minervae

310 1139 456 1188 siclus,
482 1144 525 1183 et
540 1142 743 1184 Euboicae
765 1145 935 1191 caute5‚
965 1143 1168 1197 ultorque
1188 1143 1455 1199 Caphereus.

311 1209 464 1251 Militia
479 1221 531 1251 ex
550 1211 624 1253 illa
643 1211 866 1253 diversum
887 1213 941 1253 ad
957 1213 1062 1254 litus
1082 1213 1224 1256 adacti
1242 1244 1251 1259 ,

311 1280 483 1321 Atrides
504 1280 653 1322 Protei
669 1280 892 1323 Menelaus
909 1280 1104 1335 adusque
1122 1281 1349 1325 columnas

311 1352 506 1397 Exsulat;
532 1353 719 1394 AEtnaeos
737 1351 851 1394 vidit
866 1354 1080 1406 Cyclopas
1094 1352 1254 1395 UlixeS.

313 1422 463 1474 Regna
477 1423 749 1474 Neoptolemi
766 1421 952 1464 referam
966 1452 975 1468 .
991 1433 1227 1477 versosque
1242 1423 1431 1467 Penates

313 1489 568 1534 Idomenei?
589 1492 812 1544 Libycone
831 1492 1075 1534 habitantes
1095 1490 1226 1534 litore
1243 1495 1407 1535 Locros
1421 1495 1442 1534 ‘r‘

313 1561 329 1599 Ι
337 1572 407 1615 pse
424 1563 671 1614 Mycenaeus
690 1571 954 1613 magnorum
976 1561 1134 1604 (luctor
1151 1561 1373 1604 Achivum

314 1630 520 1683 conjugis
540 1631 731 1674 infandae
749 1630 893 1684 prima
909 1630 1026 1671 inter
1045 1630 1197 1672 limina
1212 1630 1363 1674 dextra

314 1702 508 1754 oppetiit
528 1718 538 1742 ι
561 1700 778 1743 devictam
797 1701 943 1742 Asiam
963 1701 1162 1744 subsedit
1178 1701 1367 1743 adulter.

314 1771 524 1813 Invidisse
543 1772 671 1821 deos,
692 1771 845 1823 patriis
862 1773 910 1812 ut
923 1770 1122 1813 redditus
1142 1773 1227 1813 aris
1290 1803 1296 1806 .

314 1840 578 1893 conjugium
598 1843 799 1893 optatum
821 1844 865 1883 et·
885 1838 1115 1893 pulchram
1141 1841 1369 1892 Calydona
1387 1841 1584 1885 v²dere1n
1608 1846 1615 1883 !

315 1910 438 1951 Nunc
460 1910 592 1952 etiam
612 1909 812 1953 horribili
831 1911 924 1953 visu
945 1913 1151 1964 portenta
1172 1916 1433 1964 sequuntur,

314 1980 365 2019 Et
384 1981 492 2023 socii
509 1980 654 2022 amissi
672 1981 897 2035 petierunt
915 1980 1080 2023 aethera
1099 1980 1275 2035 pennis,

313 2053 673 2108 Flmninibusque
698 2061 913 2108 vagantur
932 2066 1033 2098 aves
1058 2055 1073 2106 (
1093 2053 1181 2096 heu
1204 2053 1295 2095 dira
1318 2064 1521 2097 meorum

314 2126 535 2180 Supplicia
551 2128 582 2177 l)
603 2127 647 2168 et
663 2127 867 2177 scopulos
887 2126 1148 2179 lacrymosis
1165 2125 1348 2167 vocibus
1366 2124 1565 2179 implent.

318 2198 421 2239 llaec
445 2197 555 2239 adeo
572 2207 623 2239 cx
643 2197 722 2239 illo
746 2196 853 2238 mihi
866 2198 956 2249 Jam
972 2195 1188 2249 speranda
1210 2195 1392 2238 suerunt

317 2271 555 2321 Tempore3
574 2279 710 2321 quum
737 2266 854 2311 ferro
872 2267 1065 2310 coelestia
1080 2276 1267 2321 corpora
1285 2265 1467 2309 demens

318 2338 492 2393 Aclpctii
513 2373 521 2387 ‚
541 2344 583 2381 et
600 2340 777 2382 Veneris
798 2339 964 2381 violavi
984 2337 1168 2382 vulnere
1189 2336 1404 2379 dextram.

320 2407 381 2448 Ne
395 2418 504 2450 vero
521 2438 529 2455 ‚
553 2418 608 2449 ue
627 2418 697 2451 me
712 2406 765 2449 ad
785 2396 892 2451 tales
912 2405 1126 2460 impellite
1147 2416 1337 2460 pugnas.

321 2477 407 2520 Noc
430 2476 534 2520 milii
556 2488 657 2521 cum
679 2478 857 2522 Teucris
877 2476 1016 2521 ullum
1032 2480 1132 2533 post
1146 2479 1272 2520 eruta
1292 2476 1456 2520 bellum
