1917 2942
86 102 194 123 κτῆμ’
200 102 206 104 ’
213 102 216 104 ·
227 103 229 105 ·

354 306 432 347 216
881 307 1141 347 AENEIoos
1169 289 1171 291 ’
1620 313 1667 349 15

356 393 605 443 Degeneres
621 391 790 432 animos
809 391 943 431 timor
959 392 1120 443 arguit.
1139 396 1253 441 HeU,
1270 394 1424 446 quihus
1443 395 1519 436 ille

354 460 551 500 ,iactatus
570 458 688 500 fatis!
707 471 805 512 quae
825 458 942 502 bella
964 460 1170 502 exhausta
1188 463 1369 504 canebat
1387 465 1394 500 l

355 528 398 567 Si
418 528 527 570 mihi
547 540 640 570 non
657 529 804 571 animo
821 528 957 570 fixum
973 531 1294 583 immotumque
1309 532 1495 587 sederet,

356 599 419 638 Ne
434 597 506 639 cui
526 610 596 641 me
620 599 768 640 vinclo
783 598 945 640 vellem
961 599 1129 641 sociare
1143 599 1300 651 jugali,

356 669 596 720 Postquam
618 670 784 721 primus
803 678 926 710 amor
946 670 1177 722 deceptam
1196 675 1338 715 morte
1357 669 1534 720 fefellit;

356 737 399 778 Si
421 747 512 778 non
532 743 767 790 pertaesum
783 732 968 778 thalami
985 738 1193 791 laeclaeque
1213 737 1377 788 fuisset,

358 805 473 848 Huic
487 807 563 848 uni
586 805 732 847 l'orsan
751 807 875 859 potui
891 806 1178 849 succumbere
1200 810 1354 861 culpae.

358 880 502 926 Anna,
524 875 696 918 fatebor
713 877 848 923 enim,
871 876 1018 917 miseri
1033 881 1134 929 post
1153 876 1240 919 fata
1256 879 1421 929 Sychaei

357 947 580 999 conjugis,
602 949 646 987 et
660 957 834 1001 sparsos
857 946 1045 987 fraterna
1061 947 1180 989 caede
1197 949 1396 995 Penates,

356 1015 484 1056 Solus
502 1015 575 1057 hic
594 1014 763 1057 inflexit
783 1026 951 1063 sensus,
975 1015 1262 1069 animumque
1282 1017 1503 1060 labantem

356 1085 558 1138 Impulit.
579 1085 816 1137 Adgnosco
831 1085 993 1127 veteris
1007 1087 1189 1137 vestigia
1208 1083 1410 1127 flammae.

357 1156 442 1197 Secl
462 1155 573 1196 inihi
593 1155 666 1196 vel
683 1155 818 1196 tellus
836 1155 985 1208 optem
1004 1154 1123 1208 prius
1144 1156 1231 1195 ima
1252 1153 1462 1203 dehiscat,

358 1225 435 1265 Vel
452 1228 582 1265 Pater
598 1224 877 1277 omnipotens
893 1224 1042 1278 adigat
1060 1236 1130 1267 me
1149 1224 1334 1267 fulmine
1356 1226 1410 1267 ad
1426 1228 1620 1275 umbras,

357 1294 581 1336 Pallentes
599 1295 775 1335 umbras
791 1294 933 1339 Erebi.
954 1299 1221 1348 noctemque
1237 1295 1514 1347 profundam,

362 1369 494 1412 Ante,
516 1362 680 1410 Pudor,
703 1374 835 1417 quam
856 1368 896 1404 te
916 1364 1054 1409 violo,
1079 1369 1156 1404 aut
1175 1367 1251 1405 tua
1266 1365 1365 1414 jura
1383 1367 1569 1407 resolvo.

358 1432 439 1474 Ille
456 1444 592 1480 meos,
612 1435 781 1486 primus
802 1433 876 1486 qui
890 1444 961 1475 me
980 1433 1061 1474 sibi
1076 1435 1236 1484 junxit,
1256 1445 1428 1476 amores

360 1505 558 1546 Abstulit
579 1519 587 1544 ε
613 1505 692 1545 ille
709 1504 867 1546 haheat
882 1515 1031 1545 secum
1053 1511 1282 1557 servetque
1301 1505 1524 1560 sepulcro
1552 1522 1566 1543 »

359 1574 430 1614 Sic
447 1574 578 1616 effata
596 1575 743 1615 sinum
764 1574 975 1625 lacrymis
993 1574 1197 1626 implevit
1216 1574 1398 1617 obortis.

414 1647 540 1684 Anna
562 1640 700 1683 refert
721 1653 731 1676 r
756 1657 772 1677 a
792 1644 827 1681 Ο
846 1640 946 1683 luce
966 1642 1103 1693 magis
1122 1642 1283 1684 dilecta
1303 1643 1466 1689 sorori,

360 1712 522 1754 Solane
542 1716 754 1766 perpetua
773 1721 966 1752 moerens
985 1722 1164 1765 carpere
1179 1713 1392 1763 J'uventa?

360 1784 395 1823 N
401 1793 451 1824 ec
471 1782 621 1824 dulces
638 1785 780 1828 natos,
799 1781 979 1822 Veneris
998 1792 1082 1823 nec
1098 1782 1279 1833 praemia
1299 1782 1453 1823 noris?
1484 1795 1487 1797 ’

360 1853 411 1894 Id
431 1853 627 1895 cinerem
648 1853 725 1893 aut
741 1856 888 1892 Manes
907 1851 1055 1893 credis
1071 1862 1226 1892 curare
1242 1851 1470 1904 sepultos?

361 1926 466 1965 Esto
489 1933 689 1975 :Vaegram
707 1921 819 1963 nulli
844 1921 1071 1975 quondam
1094 1919 1253 1964 flexere
1274 1922 1451 1971 mariti3

361 1995 462 2034 Non
482 1994 649 2042 Libyae,
671 2003 763 2033 non
784 1995 888 2032 ante
908 1995 1026 2044 Tyro
1050 2006 1059 2030 :
1079 1990 1315 2046 despectus
1338 1994 1488 2034 larbas
1508 2024 1516 2040 .

364 2066 676 2115 Ductoresque
700 2060 773 2102 alii
788 2092 799 2111 ‚
821 2070 930 2113 quos
951 2060 1102 2101 Africa
1124 2064 1243 2102 terra
1264 2061 1503 2114 triumphis

365 2134 495 2175 Dives
513 2131 588 2173 alit
614 2146 624 2170 ι
644 2132 867 2185 placitone
887 2130 1022 2172 etiam
1040 2131 1262 2183 pugnabis
1283 2132 1461 2173 amori?

364 2205 456 2244 Nec
472 2202 598 2244 venit
614 2203 661 2241 in
679 2203 878 2242 mentem
897 2232 906 2247 ,
926 2204 1119 2252 quorum
1141 2199 1397 2243 consederis
1415 2200 1559 2242 arvis?

363 2273 480 2315 Hinc
496 2271 679 2313 Gaetulae
698 2272 855 2322 urbes,
877 2281 1018 2323 genus
1038 2266 1338 2325 insuperabile
1355 2273 1497 2319 bello,

364 2346 419 2383 Et
433 2341 630 2382 Numidae
651 2340 811 2382 infreni
831 2341 1043 2393 cingunt,
1059 2343 1102 2382 et
1121 2340 1344 2393 inhospita
1361 2342 1520 2393 Syrtis;

368 2413 486 2455 Hinc
506 2412 681 2454 deserta
698 2411 766 2453 siti
783 2412 923 2465 regio,
946 2411 1122 2464 lateque
1144 2411 1340 2454 furentes
