1917 2942
282 335 327 373 2⁴7
776 331 1006 370 ECLOGA
1035 331 1090 369 11.
1538 331 1589 369 255

280 417 497 460 Pallentes
517 417 655 458 violas
673 418 719 459 et
733 426 903 457 summa
921 426 1142 469 papavera
1162 426 1346 469 carpens
1365 447 1374 460 ‚

279 485 532 526 Narcissum
552 487 597 526 et
615 483 764 525 florem
779 482 1051 535 jungitbene
1074 483 1230 526 olentis
1253 484 1398 526 anethi
1419 499 1428 523 ι

278 557 412 604 Tum,
435 554 549 597 casia
566 556 696 606 atque
712 554 806 595 aliis
824 553 1022 597 intexens
1037 554 1239 597 suavibus
1258 554 1402 596 herbis
1417 586 1427 605 ‚

278 625 426 666 Mollia
440 624 605 667 luteola
620 625 763 678 pingit
778 625 977 667 vaccinia
995 626 1152 667 caltha.

275 696 372 747 Ipse
393 705 474 747 ego
494 706 603 738 cana
620 695 763 747 legam
785 697 934 736 tenera
950 694 1158 748 lanugine
1184 696 1320 741 mala,

272 765 589 816 castaneasque
608 774 743 805 nuces
757 795 767 814 ,
795 773 893 805 mea
913 775 1019 816 quas
1035 763 1265 816 Amaryllis
1283 763 1471 804 amabat..

274 831 446 874 Addam
463 844 587 875 cerea
606 843 747 885 pruna
762 848 771 881 ;
784 832 926 875 honos
946 834 1030 876 erit
1044 833 1146 875 huic
1164 844 1340 887 quoque
1357 844 1488 887 pomo
1506 851 1513 873 :

271 904 326 943 Et
339 913 416 944 vos
434 933 444 953 ,
466 914 493 945 o
508 903 642 951 lauri,
663 913 865 956 carpam,
885 907 929 946 et
944 904 988 946 te
1009 936 1017 952 ,
1038 903 1239 956 proxima
1262 907 1436 955 inyrte:

269 972 339 1014 Sic
355 971 506 1026 positae
522 974 735 1026 quoniam
749 984 902 1016 suaves
921 975 1114 1017 miscetis
1133 974 1307 1016 odores.

321 1043 525 1086 Rusticus
542 1055 585 1086 es
601 1078 609 1092 ‚
630 1042 832 1094 Corydon
849 1059 859 1091 ;
877 1055 959 1087 nec
974 1055 1162 1086 munera
1178 1046 1305 1086 curat
1323 1044 1468 1086 AlexiS
1488 1060 1496 1083 :

268 1113 362 1154 Nec
376 1144 386 1163 ‚
405 1113 440 1154 si
458 1113 714 1155 muneribus
734 1117 894 1161 certes,
917 1114 1134 1157 concedat
1149 1113 1280 1155 Iolas.

266 1185 360 1224 Heu
381 1213 389 1229 ,
408 1182 496 1224 heu
513 1214 522 1231 ‚
541 1181 648 1234 quid
664 1182 786 1224 volui
806 1183 964 1225 misero
979 1183 1118 1224 milii?
1141 1182 1320 1225 [loribus
1351 1185 1571 1229 austrum,

265 1252 466 1294 Perditus
486 1285 494 1301 ,
519 1257 562 1294 et
577 1250 751 1305 liquidis
765 1252 926 1293 immisi
941 1251 1133 1294 fontibus
1154 1262 1298 1306 apros.

263 1323 405 1371 Quem
426 1320 535 1374 fugis
549 1354 558 1370 ,
578 1322 646 1364 ah!
663 1322 872 1365 demens?
891 1321 1145 1362 habitarunt
1164 1320 1217 1361 Di
1237 1330 1413 1373 quoque
1429 1321 1573 1371 silvas,

262 1390 593 1445 Dardaniusque
608 1392 747 1433 Paris.
768 1392 909 1435 Pallas
929 1423 937 1439 ,
957 1402 1065 1444 quas
1082 1388 1305 1440 condidit,
1324 1400 1445 1431 arces

261 1462 360 1514 Ipsa
378 1461 493 1504 colat
513 1477 523 1502 :
540 1461 665 1503 nobis
680 1462 884 1515 placeant
898 1463 1002 1502 ante
1030 1460 1182 1502 omnia
1199 1460 1334 1502 silvae.

261 1534 402 1573 Torva
419 1533 557 1573 leaena
574 1532 728 1585 lupum
748 1531 945 1583 sequitur
967 1546 977 1570 ι
995 1531 1123 1584 lupus
1145 1530 1236 1584 ipse
1255 1529 1470 1582 capellam
1489 1545 1498 1566 ε

259 1601 508 1643 Florentem
525 1600 713 1653 cytisum
732 1600 929 1654 seqnitur
943 1599 1106 1641 lasciva
1125 1598 1317 1652 capella:

259 1671 318 1710 Te
338 1669 548 1721 Corydon
562 1701 572 1717 ,
592 1679 619 1711 o
636 1669 761 1711 Alexi
784 1671 793 1709 l
812 1668 948 1710 trahit
968 1679 1047 1710 sua
1062 1678 1282 1721 quemque
1302 1667 1522 1719 voluptas.

259 1737 446 1790 Adspice
466 1770 474 1784 ,
508 1739 651 1780 aratra
663 1740 770 1791 jugo
786 1736 986 1781 referunt
1003 1747 1213 1792 suspensa
1223 1736 1428 1788 juvenci,

256 1808 312 1846 Et
330 1808 393 1848 sol
413 1810 659 1849 crescentes
679 1807 897 1850 decedens
914 1806 1110 1862 duplicat
1128 1805 1303 1847 umbras
1326 1821 1335 1853 ;

258 1878 326 1918 Me
347 1880 492 1919 tamen
510 1878 600 1919 urit
620 1889 742 1920 amor
766 1894 776 1918 2
806 1879 902 1931 quis
917 1879 1038 1920 enim
1058 1877 1217 1919 modus
1236 1876 1350 1917 adsit
1366 1875 1503 1918 amori
1520 1877 1537 1915 ἓ

308 1944 375 1986 Ah
391 1949 399 1987 ἰ
418 1946 640 2001 Corydon,
657 1947 879 2000 Corydon,
902 1951 1055 2001 quaele
1077 1945 1299 1989 dementia
1316 1944 1455 1998 cepit!

254 2016 520 2070 Semiputata
538 2018 615 2059 tibi
636 2016 843 2059 frondosa
861 2018 962 2059 vitis
988 2018 1031 2058 in
1051 2017 1173 2059 ulmo
1202 2018 1281 2058 est.

256 2085 369 2134 Quin
387 2087 434 2126 tu
454 2086 616 2139 aliquid
631 2086 809 2138 saltem,
829 2086 977 2141 potius
996 2097 1185 2139 quorum
1199 2083 1373 2136 indiget
1401 2094 1523 2129 usus,

253 2159 287 2195 V
291 2158 494 2201 iminibus
512 2161 722 2214 mollique
736 2171 861 2215 paras
878 2160 1079 2202 detexere
1094 2158 1258 2212 junco?

254 2227 452 2271 Invenies
473 2230 625 2279 alium,
650 2231 686 2273 si
700 2233 743 2273 te
758 2229 834 2273 hic,
847 2229 1034 2279 fastidit,
1059 2230 1226 2272 Alexin.

1371 2544 1397 2600 '01
