1917 2942
320 335 400 375 540
849 338 1107 380 AENEIDOS
1550 349 1629 386 sits

375 433 392 456 ι
417 422 521 463 Haec
545 432 728 464 nemora
755 422 977 477 indigente
1008 426 1147 467 Fauni
1172 428 1472 483 Nymphaeque
1500 433 1628 475 tene-

320 491 526 542 Gensque
542 490 688 532 viram
712 494 879 535 truncis
899 496 943 535 et
962 494 1075 537 duro
1099 498 1260 539 robore
1280 502 1412 541 nata:
1488 501 1629 563 [bant‚

317 559 423 609 Quis
434 569 578 613 neque
590 573 706 606 mos.
725 573 869 616 neque
883 564 1027 606 cultus
1039 569 1133 608 erat
1145 583 1154 614 ;
1171 577 1255 609 nec
1262 569 1450 621 jungere
1462 572 1630 619 tauros,

316 632 405 670 Aut
424 641 693 683 componere
711 643 816 687 opes
837 638 999 675 norant
1018 666 1027 681 .
1056 639 1130 677 aut
1148 648 1331 690 parcere
1346 643 1496 691 parto:

317 698 404 740 Sed
422 700 534 741 rami
551 706 681 755 atque
702 713 828 755 asper
846 703 969 744 victu
987 708 1172 747 venatus
1190 708 1349 749 alebat.

315 768 495 811 Primus
515 769 567 810 ab
588 770 772 812 aetherio
789 772 912 813 venit
932 775 1145 816 Saturnus
1168 777 1389 830 Olympo,

314 842 448 880 Arma
469 840 595 880 Jovis
614 838 790 892 fugiens
809 873 819 888 ‚
841 845 885 883 et
907 842 1056 895 regnis
1077 845 1196 887 exsul
1215 845 1415 889 ademtis,

314 908 354 948 Is
370 917 509 960 genus
529 908 721 951 indocile
743 921 793 951 ac
809 909 1054 964 dispersum
1076 915 1301 956 montibus
1323 915 1419 957 altis

314 979 576 1031 Composuit
591 1010 600 1024 .
618 979 823 1032 legesque
839 979 963 1023 dedit
981 1013 991 1028 ‚
1017 982 1275 1036 Latiumque
1291 986 1442 1027 vocari

315 1047 494 1096 Maluit,
512 1047 580 1089 his
601 1050 811 1102 quoniam
827 1050 1021 1093 latuisset
1038 1054 1154 1094 tutus
1170 1052 1218 1095 in
1235 1054 1337 1095 oris.

314 1119 462 1158 Aurea
480 1128 577 1169 quae
596 1117 844 1171 perhibent,
875 1119 953 1160 illo
968 1119 1048 1161 sub
1063 1131 1169 1173 rege
1185 1120 1368 1163 fuerunt

312 1186 481 1228 Saecula
501 1203 509 1225 :
532 1188 596 1230 sic
614 1186 786 1241 placida
805 1190 991 1241 populos
1011 1189 1058 1230 in
1074 1201 1181 1244 pace
1199 1192 1395 1244 regebat.

314 1254 518 1297 Deterior
533 1256 678 1299 donec
694 1257 907 1310 paulatim
928 1269 979 1301 ac
999 1257 1180 1300 decolor
1196 1263 1297 1301 aetas
1311 1290 1321 1307 ,

311 1325 367 1364 Et
381 1323 484 1367 belli
499 1326 645 1367 rabies
662 1356 673 1375 ‚
695 1330 738 1368 et
756 1337 881 1368 amor
900 1329 1113 1370 successit
1127 1328 1335 1371 habendi.

313 1396 424 1435 Tum
442 1406 599 1436 manus
617 1396 811 1436 Ausonia
826 1397 870 1437 et
885 1402 1039 1449 gentes
1053 1408 1218 1440 venere
1233 1398 1426 1447 Sicanae;

311 1465 478 1518 Saepius
498 1467 542 1507 et
570 1476 736 1508 nomen
758 1465 904 1519 posuit
922 1468 1127 1507 Saturnia
1146 1467 1294 1508 tellus.

309 1536 423 1574 Tum
444 1545 570 1586 reges
586 1564 596 1580 ,
616 1546 829 1588 asperque
849 1536 1033 1577 immani
1051 1546 1239 1591 corpore
1254 1536 1462 1588 Thybris:

312 1605 351 1643 A
367 1613 456 1655 quo
471 1607 573 1656 post
585 1605 684 1644 Itali
705 1602 889 1645 fluvium
909 1606 1176 1658 cognomine
1190 1605 1400 1659 Thybrim

310 1673 531 1721 l)iximus;
554 1674 699 1716 amisit
719 1686 874 1717 verum
893 1679 1020 1716 vetus
1035 1675 1191 1718 Albula
1208 1687 1392 1718 nomen.

308 1747 376 1787 Me
391 1745 567 1798 pulsum
584 1746 726 1798 patria
743 1776 752 1791 ,
772 1745 1004 1798 pelagique
1023 1749 1214 1787 extrema
1229 1749 1487 1799 sequentem
1502 1778 1512 1794 ,

308 1815 506 1856 Fortuna
519 1816 804 1867 omnipotens
824 1817 868 1855 et
884 1813 1164 1857 ineluctabile
1180 1815 1318 1857 fatum

308 1883 387 1924 His
406 1894 595 1936 posuere
614 1884 723 1925 locis
742 1914 752 1933 ,
772 1883 1012 1936 matrisque
1028 1894 1157 1936 egere
1177 1885 1409 1927 tremenda

307 1954 554 1995 Carmentis
573 1953 788 2006 Nymphae
809 1953 999 1998 monita,
1032 1956 1076 1995 et
1091 1953 1198 1996 fleus
1218 1957 1373 1996 auctor
1392 1954 1569 2009 Apollo.
1591 1971 1609 1994 u

359 2022 436 2063 Vix
450 2033 499 2064 ea
516 2021 656 2071 dicta;
676 2022 836 2064 dehinc
852 2033 1108 2076 progressus
1123 2026 1340 2066 monstrat
1355 2027 1400 2067 et
1413 2035 1534 2065 aram
1550 2056 1559 2071 ‚

304 2092 360 2132 Et
376 2091 700 2134 Carmentalem
716 2094 920 2133 Romano
935 2091 1116 2134 nomine
1137 2095 1310 2146 portam

305 2167 445 2215 Quam
461 2167 733 2213 memorant,
755 2164 791 2203 N
796 2162 970 2217 ymphae
989 2163 1184 2216 priscum
1202 2164 1447 2207 Carmentis
1465 2164 1607 2207 hono-

305 2235 423 2276 Vatis
442 2232 633 2275 fatidicae
652 2249 661 2273 :
682 2233 843 2275 cecinit
862 2244 961 2285 quae
978 2233 1121 2285 prima
1135 2232 1304 2276 futuros
1473 2236 1582 2287 [rem
1597 2266 1608 2281 .

305 2305 519 2347 AEneadas
541 2315 727 2357 magnos
745 2307 789 2347 et
807 2303 956 2345 nobile
973 2303 1271 2346 Pallanteum.

304 2376 422 2417 Hinc
441 2374 593 2416 lucum
613 2374 841 2427 ingentem
858 2405 868 2423 ‚
889 2384 1021 2427 quem
1039 2374 1254 2417 Romulus
1273 2386 1374 2418 acer
1392 2375 1577 2429 Asylum

306 2445 498 2492 Retulit,
520 2447 564 2486 et
583 2444 729 2497 gelida
744 2447 966 2487 monstrat
982 2443 1064 2486 sub
1083 2456 1196 2498 rupe
1214 2446 1450 2497 Lupercal.
