1917 2942
297 330 372 369 476
825 328 1078 367 AENEfflOS
1523 329 1599 366 403

347 415 462 452 Ecce
484 409 738 452 trahebatur
759 409 893 462 passis
913 410 1131 452 Priameia
1145 410 1270 462 virgo

290 478 495 519 Crinibus
515 490 538 519 a
557 478 723 532 templo
741 478 984 520 Cassandra
996 477 1226 532 adytisque
1245 479 1451 521 Minervae
1469 512 1477 524 .

293 547 361 588 Ad
382 548 545 589 ccelum
566 547 753 589 tendens
769 547 969 589 ardentia
988 548 1160 589 lumina
1178 546 1335 590 frustra
1356 567 1366 589 :

294 617 478 658 Lumina
491 647 501 662 ,
519 628 624 658 nam
645 619 817 674 teneras
840 617 1050 659 arcebant
1068 618 1248 659 vincula
1265 617 1445 671 palmas.

296 688 399 727 Non
416 685 515 726 tulit
527 685 645 728 hanc
661 687 854 740 speciem
871 686 1027 729 furiata
1047 689 1195 729 mente
1216 687 1426 728 Coroebus
1441 719 1451 734 ‚

292 758 350 796 Et
368 765 462 796 sese
481 754 679 796 medium
696 755 850 805 injecit
870 755 1092 809 periturus
1105 756 1152 795 in
1169 765 1343 807 agmen.

298 824 623 876 Consequimur
640 823 815 871 cuncti,
838 827 881 866 et
898 823 1046 866 densis
1066 824 1335 865 incurrimus
1356 824 1500 865 armis.

301 892 384 934 Hic
402 894 597 946 primum
618 902 668 933 ex
688 893 777 933 alto
797 891 970 933 delubri
991 892 1186 935 culmine
1204 891 1298 934 telis

303 966 572 1005 Nostrorum
592 961 836 1009 obruimur,
860 962 1090 1014 oriturque
1108 963 1357 1003 miserrima
1375 963 1538 1009 caed»·s,

299 1035 541 1073 Armorum
559 1030 670 1073 facie
688 1034 732 1073 et
751 1032 983 1073 Graiarum
1008 1040 1160 1074 errore
1179 1031 1403 1082 jubarum.

297 1107 407 1143 Tum
430 1103 589 1148 Danai,
613 1102 780 1155 gemitu
799 1104 930 1154 atque
945 1104 1106 1155 ereptae
1125 1101 1308 1154 virginis
1326 1101 1415 1150 ira,

302 1174 508 1228 Undique
527 1173 701 1217 collecti
722 1173 940 1215 invadunt
956 1189 967 1221 ;
990 1173 1226 1215 acerrimus
1244 1175 1374 1224 Ajax,

301 1246 358 1285 Et
378 1242 543 1296 gemini
564 1241 730 1284 Atridae
745 1274 755 1290 ‚
779 1243 1086 1295 Dolopumque
1106 1243 1320 1285 exercitus
1337 1243 1495 1283 omnis.

306 1311 492 1355 Adversi
509 1315 643 1367 rupto
663 1324 744 1355 ceu
763 1312 991 1365 quondam
1009 1312 1182 1355 turbine
1196 1313 1316 1354 venti

305 1380 588 1434 confligunt,
616 1381 930 1435 Zephyrusque
950 1413 959 1430 ,
986 1384 1235 1433 Notusque,
1260 1381 1444 1423 etlaetus
1463 1382 1566 1422 Eois

304 1455 449 1493 Eurus
466 1452 591 1505 equis
609 1467 619 1499 ;
641 1450 835 1493 stridunt
851 1454 970 1494 silvas
985 1483 995 1500 ‚
1016 1452 1226 1504 saevitque
1241 1451 1424 1493 tridenti

309 1524 526 1576 Spumeus
546 1523 677 1573 atque
696 1521 788 1562 imo
808 1523 977 1563 Nereus
995 1521 1081 1563 ciet
1101 1532 1277 1573 aequora
1294 1519 1447 1562 fundo.

307 1590 373 1631 nli
398 1590 556 1637 etiam,
580 1591 615 1631 si
637 1602 748 1643 quos
776 1590 964 1632 obscura
982 1591 1114 1631 nocte
1130 1601 1208 1643 per
1226 1589 1429 1631 umbram

307 1660 520 1701 Fudimus
541 1659 734 1708 insidiis,
754 1662 931 1713 totaque
952 1659 1215 1712 agitavimus
1236 1658 1343 1701 urbe
1361 1690 1371 1706 ,

308 1730 538 1784 Adparent
560 1729 717 1783 :primi
736 1730 901 1784 clipeos
916 1730 1190 1783 mentitaque
1210 1728 1296 1771 tela

310 1800 628 1853 Adgnoscunt‚
651 1801 783 1853 atque
800 1810 875 1841 ora
895 1810 1008 1841 sono
1028 1798 1247 1840 discordia
1261 1798 1453 1850 signant.

309 1866 687 1924 Ilicctlobruimur
704 1880 907 1911 numero.
932 1871 1195 1922 Primusque
1213 1870 1423 1911 Coroebus

313 1940 491 1982 Penelei
513 1938 663 1981 dextra
681 1970 689 1986 ‚
710 1938 822 1982 divae
843 1940 1150 1992 armipotentis
1170 1936 1225 1980 ad
1243 1949 1364 1979 aram
1378 1972 1388 1987 ‚

312 2008 601 2055 Procumbit3
623 2007 743 2050 cadit
761 2009 806 2050 et
823 2008 1038 2061 Rhipeus,
1059 2007 1325 2058 justissimus
1338 2018 1455 2049 unus

312 2079 396 2128 Qui
422 2079 502 2122 t'uit
519 2079 566 2119 in
585 2079 788 2125 Teucris,
815 2083 860 2121 et
875 2078 1226 2121 servantissimus
1248 2078 1360 2130 aequi
1382 2094 1391 2118 ε

314 2148 389 2190 Dis
408 2149 535 2192 aliter
552 2149 697 2190 visum
716 2166 726 2190 ι
745 2150 935 2203 pereunt
949 2150 1238 2202 Hypanisque
1257 2151 1511 2202 Dymasque

314 2217 483 2260 Confixi
501 2229 524 2259 a
539 2219 693 2267 sociis;
713 2230 796 2262 uec
815 2224 857 2260 te
875 2221 949 2260 tua
969 2220 1160 2271 plurima
1174 2250 1184 2267 ‚
1207 2218 1431 2265 Pantheu.

316 2287 556 2330 Labentem
572 2287 712 2340 pietas
729 2318 739 2335 ,
758 2298 843 2330 nec
865 2287 1085 2343 Apollinis
1102 2286 1240 2329 infula
1259 2287 1378 2331 texit.

308 2359 431 2401 Iliaci
447 2358 617 2401 cineres
633 2389 641 2407 ,
666 2360 710 2401 et
730 2357 905 2400 flamma
922 2360 1116 2401 extrema
1133 2369 1337 2401 meorum

315 2433 478 2476 Testor.
500 2429 544 2470 in
565 2440 722 2472 occasu
739 2432 899 2476 vestro.
916 2440 1003 2472 nec
1020 2429 1107 2471 tela
1124 2440 1209 2471 nec
1225 2427 1350 2470 ullas*
1393 2439 1399 2445 ·
