1917 2942
222 323 299 361 51⁴7
750 322 917 361 LIBER
948 322 1000 360 V.
1450 323 1529 362 259

224 407 443 462 Epytiden
460 410 588 449 vocat
606 423 616 456 ;
644 407 688 449 et
703 405 836 450 fidam
855 408 918 450 sic
933 406 1050 450 fatur
1068 406 1123 450 ad
1141 419 1316 451 aurem:

281 492 299 516 <z
314 478 431 520 Vade
451 487 541 529 age,
563 480 605 519 et
625 478 829 527 Ascanio,
855 478 890 520 si
903 480 997 529 jam
1017 478 1185 532 puerile
1200 481 1404 533 paratum

225 551 398 599 Agmcn
413 545 546 588 habet
562 556 727 593 secum,
748 558 992 600 cursusque
1008 547 1212 589 instruxit
1232 558 1463 601 equorum,

226 619 367 658 Ducat
383 627 465 658 avo
480 619 660 662 turmas.
680 618 724 659 et
738 627 832 659 sese
848 616 1052 660 ostendat
1069 618 1116 658 in
1134 617 1280 665 armis,

225 687 321 736 Dic,
343 701 360 725 ι»
381 687 457 729 ait.
479 688 577 740 Ipse
592 698 772 729 omnem
791 686 926 740 longo
947 686 1161 730 decedere
1178 689 1297 730 circo

224 755 425 798 Infusum
445 756 675 811 populum,
695 758 739 799 et
756 767 934 810 campos
954 757 1081 807 jubet
1099 769 1190 800 esse
1209 759 1427 812 pat-entes.

224 825 442 868 Incedunt
463 826 603 880 pueri.
625 827 880 880 pariterque
901 830 1002 868 aute
1022 838 1101 868 ora
1116 828 1351 881 parentum

225 896 425 937 Frenatis
442 896 593 938 lucent
610 896 656 936 in
673 896 797 949 equis
817 909 826 932 =
846 906 954 949 quos
976 897 1116 937 omnis
1137 896 1292 938 euntes

230 964 465 1007 ‘trinacriae
487 965 642 1006 mirata
665 963 815 1007 fremit
834 967 1061 1018 Trojaeque
1075 966 1300 1016 juventus.

233 1035 448 1077 Omnibus
465 1037 512 1077 iu
533 1046 705 1078 morem
721 1039 847 1077 tonsa
866 1046 991 1078 coma
1008 1047 1159 1087 pressa
1173 1046 1352 1078 corona.

235 1107 405 1147 Cornea
424 1105 527 1146 bina
546 1105 696 1147 ferunt
712 1102 888 1158 praefixo
902 1104 1075 1146 hastilia
1092 1104 1208 1147 ferro
1224 1120 1234 1152 ;

236 1177 342 1216 Pars
354 1175 471 1217 leves
486 1174 670 1217 humero
685 1173 913 1228 pharetras
930 1191 939 1215 :
957 1174 993 1214 it
1013 1176 1190 1227 pectore
1208 1184 1381 1217 summo

237 1243 412 1285 Flexilis
433 1243 595 1284 obtorti
611 1255 688 1296 per
705 1244 869 1286 collum
885 1243 1076 1286 circulus
1096 1244 1205 1284 auri.

232 1315 337 1355 Tres
352 1313 450 1366 equi
458 1315 549 1354 tum
569 1324 756 1355 numero
773 1315 945 1360 turmae,
964 1313 1165 1366 ternique
1184 1316 1401 1365 vagantur

234 1385 473 1431 Ductores;
498 1383 624 1436 pueri
640 1382 706 1424 bis
729 1383 823 1425 seni
839 1393 1061 1436 quemque
1081 1383 1254 1436 sequuti

235 1453 425 1505 Agmine
442 1453 604 1506 partito
630 1450 812 1505 fulgent,
837 1452 1101 1506 paribusque
1122 1453 1358 1504 magistris.

235 1526 333 1564 Una
353 1524 464 1565 acies
481 1523 710 1574 juvenum,
735 1522 858 1566 ducit
873 1534 1007 1576 quam
1026 1534 1187 1575 parvus
1203 1525 1412 1565 ovantem

235 1593 406 1635 Nomen
424 1592 493 1633 avi
512 1591 707 1633 referens
727 1592 942 1638 Priamus,
966 1593 1040 1633 tua
1062 1593 1193 1640 clara,
1214 1591 1374 1640 Polite,

238 1661 490 1713 Progenies,
514 1662 700 1703 auctura
720 1661 879 1709 Italos;
902 1672 1032 1713 quem
1048 1660 1258 1703 Thracius
1278 1660 1387 1703 albis

237 1732 391 1772 Portat
405 1741 544 1782 equus
558 1728 733 1771 bicolor
752 1729 952 1775 maculis,
973 1729 1156 1782 vestigia
1170 1729 1303 1782 primi

236 1800 346 1841 Alba
365 1799 503 1852 pedis,
522 1799 800 1851 Frontemque
820 1801 1044 1842 ostentans
1060 1797 1226 1840 arduus
1248 1798 1406 1840 albam.

239 1870 362 1911 Alter
381 1872 506 1921 Atys,
525 1879 664 1922 genus
680 1869 798 1910 unde
822 1869 911 1909 Atii
932 1867 1094 1910 (luxere
1114 1867 1283 1916 Latini3

237 1942 408 1981 Parvus
427 1942 548 1993 Atys,
568 1949 796 1993 pueroque
816 1950 926 1991 puer
942 1937 1127 1993 dilectus
1145 1937 1260 1979 Iulo.

239 2011 482 2056 Extremus,
506 2008 733 2062 formaque
753 2010 855 2050 ante
870 2018 1024 2049 omnes
1041 2006 1241 2062 pulcher,
1259 2007 1381 2047 Iiilus

242 2078 425 2120 Sidonio
446 2082 513 2121 est
530 2079 730 2120 invectus
746 2088 877 2130 equo,
900 2088 1032 2130 quem
1048 2075 1235 2119 candida
1258 2076 1375 2118 Dido

242 2150 344 2190 Esse
362 2147 428 2189 sui
448 2145 629 2189 dederat
648 2151 988 2188 monumentum
1004 2151 1048 2188 et
1062 2148 1222 2200 pignus
1243 2148 1418 2189 amoris.

244 2219 401 2259 Cetera
415 2215 652 2258 Trinacriis
671 2214 810 2270 pubes
824 2216 1007 2258 senioris
1028 2219 1198 2259 Acestae

247 2281 402 2328 Fertur
418 2286 555 2338 equis.

246 2356 481 2409 Excipiunt
494 2357 648 2409 plausu
668 2354 866 2410 pavidos,
884 2354 1164 2409 gaudentque
1185 2358 1356 2398 tuentes

253 2425 514 2468 Dardanide
530 2459 539 2473 ,
561 2428 850 2479 veterumque
868 2426 1147 2477 adgnoscunt
1161 2436 1237 2467 ora
1253 2427 1502 2478 parentum.
