1917 2942
358 319 378 355 24
390 319 434 356 ¹08
883 320 1140 359 AENEIDOS
1610 326 1660 362 33

348 409 454 458 Spes
470 406 600 447 Italas
619 423 628 445 ;
653 406 848 447 recalent
870 411 1023 449 nostro
1037 407 1243 449 Tiberina
1262 407 1422 451 fluenta

349 477 571 526 Sanguine
587 475 750 520 adhue,
774 476 1007 531 campique
1029 478 1229 529 ingentes
1242 479 1412 520 ossibus
1429 479 1590 521 albent.

346 548 444 595 Quo
466 543 637 587 referor
660 547 821 587 toties?
843 557 941 599 quae
961 552 1155 589 mentem
1173 547 1342 590 insania
1363 551 1535 590 mutat?

345 613 388 653 Si
409 617 561 656 Turno
577 616 794 657 exstincto
809 616 954 669 socios
971 627 1067 657 suin
1087 616 1256 659 adscire
1273 621 1448 671 paratus
1463 635 1473 667 ;

344 687 435 724 Cur
452 694 542 725 non
559 684 773 726 incolumi
793 686 940 737 potius
961 687 1200 728 certamina
1217 687 1325 729 tollo
1340 688 1359 727 ἑ)

343 754 461 802 Quid
480 755 801 808 consanguinei
820 754 996 804 Rutuli,
1016 754 1121 808 quid
1139 757 1285 798 cetera
1308 756 1427 799 (licet

342 824 487 870 ltalia.
514 824 569 865 ad
590 827 777 867 mortem
800 824 834 865 si
858 829 899 866 te
922 826 1061 876 (Fors
1078 826 1414 875 clietarei'utetli

341 895 644 946 Prodiderim‚
663 898 811 937 natam
837 898 880 938 et
899 896 1124 938 connubia
1145 900 1296 939 nostra
1315 901 1567 951 petentem?

341 965 523 1016 Respice
544 976 612 1006 res
631 964 748 1005 bello
768 966 911 1006 varias
930 982 937 1003 :
964 965 1171 1008 miserere
1184 968 1378 1018 parentis

339 1034 571 1085 Longaevi,
595 1044 727 1087 quem
744 1044 865 1075 nuuc
882 1036 1084 1074 maestum
1102 1035 1245 1087 patria
1269 1034 1409 1076 Ardea
1428 1035 1558 1089 louge

336 1103 519 1144 Dividit.
546 1118 561 1140 n
589 1103 942 1157 Haudquaquam
964 1103 1093 1145 dictis
1109 1103 1323 1147 violentia
1344 1106 1479 1146 Turni

332 1174 552 1216 Flectitur
572 1188 583 1212 ε
608 1178 839 1226 exsuperat
854 1174 1005 1223 magis,
1027 1174 1314 1227 aegrescitque
1330 1174 1566 1216 medendo.

339 1244 396 1282 Ut
416 1242 610 1297 primum
631 1241 869 1295 faripotuit
886 1274 895 1290 ,
918 1244 979 1284 sic
999 1244 1155 1284 institit
1170 1255 1246 1285 ore
1270 1261 1280 1284 z

390 1313 556 1362 «Quam
569 1324 650 1365 pro
661 1323 733 1354 me
744 1323 897 1353 curam
909 1311 1037 1363 geris,
1051 1312 1168 1354 hanc
1180 1324 1350 1366 precor,
1368 1314 1550 1368 optime,
1570 1325 1651 1368 pro

335 1385 560 1434 Deponas,
578 1383 803 1435 letumque
823 1383 938 1423 sinas
956 1393 1038 1436 pro
1057 1382 1185 1425 laude
1204 1383 1384 1437 pacisci.
1559 1387 1645 1436 [nie

336 1453 389 1490 Et
409 1461 491 1492 nos
511 1450 617 1497 tela,
640 1456 781 1503 pater,
805 1448 1062 1503 ferrumque
1078 1450 1195 1492 haud
1214 1451 1361 1494 debile
1381 1452 1531 1495 dextra

334 1521 588 1574 spargimus
603 1551 614 1570 ‚
637 1522 681 1563 et
696 1522 851 1562 nostro
872 1521 1074 1573 sequitur
1094 1520 1148 1563 de
1167 1522 1350 1563 vulnere
1369 1524 1566 1575 sanguis.

330 1595 485 1644 Longe
505 1591 569 1632 illi
589 1590 671 1633 (lea
697 1594 837 1633 mater
852 1591 949 1638 erit,
969 1602 1066 1643 quse
1088 1590 1205 1632 nube
1224 1589 1424 1643 fugacem

329 1661 540 1702 Feminea
560 1663 700 1713 tegat.
724 1662 768 1703 et
787 1661 907 1701 vanis
924 1671 1017 1702 sese
1036 1659 1210 1702 occulat
1225 1661 1434 1703 umbris.»

386 1733 445 1771 At
459 1730 633 1783 regina,
658 1741 775 1772 nova
791 1741 951 1784 pugnae.
973 1732 1218 1773 conterrita
1232 1734 1350 1774 sorte
1369 1761 1378 1774 .

328 1802 509 1851 Flebat,
527 1807 571 1843 et
589 1800 818 1843 ardentem
840 1812 1055 1853 generum
1075 1802 1293 1843 moritura
1315 1801 1518 1844 tenebat:

333 1888 350 1908 ιι
370 1875 544 1917 Turne,
575 1883 655 1924 per
668 1872 747 1914 has
767 1882 850 1924 ego
867 1874 912 1913 te
929 1872 1147 1923 lacrymas
1162 1903 1171 1919 .
1188 1872 1316 1926 persi
1333 1874 1429 1924 quis
1449 1876 1618 1914 Amatae

326 1940 487 1994 Tangit
510 1939 654 1983 honos
673 1943 876 1982 animuin
904 1943 1019 1995 (spes
1039 1945 1085 1982 tu
1106 1953 1227 1984 nuuc
1243 1952 1354 1990 una,
1374 1945 1564 1983 senectam

325 2014 390 2052 Tu
406 2012 580 2064 requies
600 2011 793 2058 miserae,
818 2010 951 2052 decus
973 2011 1295 2065 imperiumque
1312 2011 1456 2052 Latini

324 2085 385 2124 Te
401 2092 552 2137 penes,
569 2083 616 2122 in
634 2085 675 2124 te
693 2081 836 2123 omnis
853 2081 1237 2124 domusiuclina‘ta
1252 2080 1505 2134 recumbit),

325 2154 472 2192 Unum
491 2162 594 2194 oro:
618 2150 780 2194 desiste
805 2162 987 2193 manum
1003 2152 1283 2194 committere
1303 2152 1500 2194 Teucris.

323 2222 408 2272 Qui
428 2223 470 2263 te
485 2233 661 2275 cunque
678 2224 860 2264 manent
875 2223 960 2264 isto
978 2222 1218 2265 certamine
1239 2233 1387 2271 casus,

322 2295 377 2332 Et
392 2302 484 2339 me,
505 2295 650 2334 Turne
665 2322 676 2343 ‚
692 2295 892 2334 manent.
911 2293 1048 2333 Simul
1063 2293 1155 2335 haec
1171 2292 1313 2334 invisa
1329 2291 1578 2346 relinquam

321 2361 537 2409 Lumina,
558 2372 642 2405 nec
657 2368 874 2414 generum
894 2365 1060 2405 AEnean
1081 2361 1257 2416 captiva
1275 2361 1451 2405 videbo.
1475 2380 1490 2400 n

374 2432 562 2486 Arlcepit
579 2442 733 2476 vocem
748 2431 960 2485 lacrymis
981 2433 1167 2477 Lavinia
1187 2433 1341 2475 matris
