1917 2942
202 335 276 375 584
699 334 864 374 LIBER
892 333 1002 372 VIII.
1427 330 1505 369 5109

206 419 458 463 Fundebat:
486 418 638 461 famuli
658 418 904 473 collapsum
924 419 971 459 in
991 418 1107 460 tecta
1131 415 1345 459 ferebant.

255 494 443 543 Jamque
463 489 573 531 adeo
590 490 757 532 exierat
778 488 917 544 portis
935 487 1154 541 equitatus
1173 488 1335 540 apertis
1354 504 1362 527 :

211 564 366 602 AEueas
383 560 499 601 inter
516 560 684 614 primos
704 564 747 601 et
767 558 880 600 fidus
897 556 1106 605 Achates;

208 627 315 670 Inde
334 628 404 670 alii
425 630 567 678 Trojae
585 638 794 681 proceres
812 639 822 666 .-
846 628 936 679 ipse
955 628 1129 679 agmine
1150 626 1286 668 Pallas

210 702 259 740 ln
279 696 447 744 medio.
469 697 700 750 chlamyde
722 701 765 738 et
781 696 908 750 pictis
926 700 1188 750 conspectus
1207 697 1253 737 in
1271 697 1401 739 armis
1420 713 1429 736 ε

209 768 378 818 Qualis,
396 768 472 810 ubi
487 768 650 810 Oceani
671 765 871 820 perfusus
894 765 1065 808 Lucifer
1078 766 1219 811 unda.

211 842 349 889 Quem
369 843 515 881 Venus
536 842 638 880 ante
654 839 761 880 alios
781 841 1000 879 astrorum
1016 837 1160 889 diligit
1177 837 1301 890 ignes
1318 869 1327 883 .

214 908 381 949 Extulit
398 919 446 950 os
463 920 640 951 sacrum
656 908 768 950 coelo
788 940 797 955 ‚
824 908 1116 960 tenebrasque
1134 907 1332 949 resolvit.

216 981 340 1019 Stant
357 978 528 1031 pavidae
548 980 593 1019 in
614 978 753 1019 muris
772 980 932 1019 matres
949 1007 958 1024 ,
979 977 1206 1030 oculisque
1234 981 1481 1032 sequuntur

217 1048 474 1090 Pulveream
491 1048 655 1090 nubem
674 1077 683 1092 ‚
707 1050 751 1088 et
772 1045 987 1098 fulgentes
1010 1056 1098 1087 aere
1120 1049 1333 1088 catervas.

217 1117 300 1158 Olli.
320 1127 399 1169 per
419 1116 576 1158 dumos
594 1148 603 1163 ‚
626 1128 711 1170 qua
729 1117 925 1168 proxima
942 1119 1059 1158 meta
1072 1117 1244 1158 viarum
1259 1147 1270 1167 ‚

219 1187 387 1228 Armati
408 1186 611 1227 tendunt.
630 1189 668 1226 lt
684 1186 865 1232 elamor,
885 1188 929 1226 et
947 1185 1122 1237 agmine
1142 1185 1256 1228 facto

219 1256 341 1306 Quad
349 1255 594 1310 rupedante
608 1258 783 1309 putrem
804 1255 949 1296 sonitu
965 1255 1105 1308 quatit
1119 1257 1285 1308 ungula
1301 1269 1523 1311 campum.

219 1327 294 1367 Est
311 1326 468 1377 ingens
489 1324 681 1377 gelidum
698 1325 823 1365 lucus
843 1334 979 1377 prope
998 1325 1167 1366 Caeritis
1186 1337 1359 1369 amnem
1379 1358 1387 1376 ,

221 1394 450 1446 Religione
469 1398 644 1447 patrum
662 1383 749 1434 late
765 1403 887 1435 sacer
909 1408 917 1431 ε
939 1391 1134 1445 undique
1154 1394 1289 1436 celles

224 1463 448 1505 inclusere
468 1462 592 1514 cavi,
609 1465 654 1503 et
670 1462 797 1514 nigra
816 1472 972 1504 nemus
991 1462 1136 1504 abiete
1155 1463 1357 1516 cingunt.

223 1533 396 1575 Silvano
419 1530 532 1574 sama
551 1535 616 1575 est
636 1535 805 1574 veteres
821 1543 1013 1573 sacrasse
1034 1533 1261 1584 Pelasgos,

229 1606 449 1645 Arvorum
468 1604 727 1655 pecorisque
746 1600 856 1652 dee,
873 1601 1107 1654 lucumque
1127 1602 1334 1657 diemque
1348 1637 1358 1652 ‚

228 1672 309 1720 Qui
328 1671 460 1725 primi
481 1669 588 1713 fines
606 1671 842 1725 aliquando
860 1670 1053 1713 habuere
1073 1672 1266 1714 Latinos.

230 1742 358 1783 Haud
375 1742 530 1795 procul
551 1742 655 1783 hinc
671 1741 842 1784 Tarcho
862 1743 908 1783 et
922 1740 1139 1792 Tyrrheni
1166 1744 1259 1784 tuta
1281 1743 1489 1785 tenebant

229 1814 375 1853 Castra
394 1811 523 1859 locis,
540 1814 741 1863 celsoque
760 1811 902 1853 omnis
918 1810 972 1854 de
991 1812 1103 1853 colle
1125 1812 1262 1855 videri

232 1884 331 1922 Jam
349 1881 523 1934 poterat
537 1880 674 1932 legio,
693 1883 737 1923 et
755 1880 851 1922 latis
871 1879 1081 1922 tendebat
1099 1882 1145 1921 in
1164 1881 1295 1923 arvis.

236 1955 331 1993 Huc
343 1953 470 2004 pater
488 1952 645 1992 AEneas
666 1951 711 1992 et
725 1950 839 1992 bello
857 1951 970 1992 lecta
980 1950 1192 2000 juventus

234 2017 484 2061 Succedunt
503 2048 512 2065 ,
529 2017 715 2071 fessique
735 2020 779 2059 et
798 2027 932 2070 equos
952 2023 996 2060 et
1016 2028 1204 2070 corpora
1221 2022 1394 2061 curant.

288 2091 346 2128 At
363 2090 508 2130 Venus
526 2087 729 2129 aetherios
749 2089 864 2128 inter
882 2090 964 2129 dea
977 2085 1166 2129 candida
1185 2087 1363 2130 nimbos

240 2161 362 2200 Dona
380 2156 523 2201 ferens
543 2157 720 2200 aderat:
739 2160 979 2212 natumque
1001 2158 1048 2198 in
1069 2159 1178 2200 valle
1197 2158 1381 2203 reducta

240 2230 294 2268 Ut
311 2228 468 2282 procul
490 2226 659 2281 egelido
678 2229 900 2269 secretum
921 2226 1099 2269 flumine
1116 2227 1228 2271 vidit
1243 2262 1253 2278 ,

239 2296 413 2339 Talibus
432 2295 576 2339 adlata
594 2300 658 2340 est
676 2295 825 2343 dictis,
842 2307 976 2350 seque
996 2297 1159 2339 obtulit
1174 2299 1294 2341 ultro
1314 2315 1323 2339 ι

295 2384 312 2406 (ι
335 2372 403 2410 En
420 2401 430 2418 ‚
453 2366 644 2422 perfecta
665 2367 751 2410 mei
771 2369 983 2421 promissa
1001 2370 1199 2423 conjugis
1219 2373 1312 2413 arte

246 2442 423 2481 Munera
441 2455 451 2488 ς
475 2451 529 2482 ne
551 2450 650 2480 mox
670 2441 741 2481 aut
758 2441 1019 2487 Laurentes,
1036 2443 1138 2482 uate
1159 2473 1167 2488 ,
1187 2440 1423 2494 superbos,
