1917 2942
360 294 437 334 2¹⁴8
862 294 1114 334 AENRIDOS
1588 294 1663 333 207

361 379 490 422 Radit
505 379 590 422 iter
607 378 837 432 liquidum,
856 380 1022 421 celeres
1042 389 1188 431 neque
1207 380 1461 420 commovet
1478 378 1565 420 alas
1587 391 1596 414 ι

359 448 430 491 Sic
447 447 716 495 Mnestheus,
737 446 801 491 sic
816 448 910 501 ipsa
925 448 1028 500 suga
1043 447 1161 489 secat
1173 447 1328 488 ultima
1345 448 1500 489 Pristis

362 520 565 569 AEquora,
585 518 646 560 sic
665 518 785 559 illam
806 516 891 559 fert
904 516 1093 570 impetus
1109 518 1202 571 ipse
1217 515 1457 558 volantem.

361 593 415 630 Et
432 590 626 642 primum
644 591 691 631 in
706 591 892 643 scopulo
909 588 1155 631 luctantem
1174 587 1337 630 deserit
1354 587 1443 629 alto

358 662 613 713 Sergestum
630 658 927 712 brevibusque
943 657 1081 705 vadis,
1102 655 1353 709 frustraque
1371 660 1606 700 vocantem

361 728 550 776 Auxilia,
569 730 614 769 et
634 726 779 769 fractis
798 726 1043 769 discentem
1059 737 1238 768 currere
1252 727 1399 768 remis.

361 795 471 839 Inde
488 799 631 849 Gyan,
655 797 881 849 ipsamque
902 795 1075 848 ingenti
1094 795 1213 836 mole
1229 794 1491 837 Chimaeram

364 866 660 917 Consequitur
678 881 687 905 ι
705 865 835 912 cedit,
856 865 1070 918 quoniam
1089 864 1278 917 spoliata
1296 865 1506 916 magistro
1524 868 1603 908 est.

416 934 542 976 Solus
554 937 735 987 jamque
748 935 843 988 ipso
859 935 1061 987 superest
1079 933 1127 974 in
1149 932 1234 975 tine
1248 934 1488 976 Cloanthus
1505 947 1515 970 τ

366 1005 508 1053 Quem
529 1005 652 1055 petit,
670 1006 714 1046 et
732 1004 914 1045 summis
934 1002 1119 1043 adnixus
1142 1003 1309 1050 viribus
1325 1007 1467 1055 urget.

366 1076 474 1113 Tum
494 1083 601 1115 vero
622 1073 867 1125 ingeminat
885 1071 1066 1119 clamor,
1090 1072 1326 1125 cunctique
1343 1073 1600 1125 sequentem

365 1142 583 1195 instigant
600 1142 772 1193 studiis,
793 1146 1058 1195 resonatque
1079 1142 1326 1194 fragoribus
1347 1142 1498 1185 aether.

369 1212 426 1250 Hi
442 1212 672 1264 proprium
693 1211 825 1254 decus
841 1214 885 1253 et
904 1214 1081 1264 partum
1102 1210 1393 1262 indignantur
1409 1210 1626 1253 honorem

371 1279 423 1318 M
442 1282 642 1327 teneant3
660 1280 887 1332 vitamque
903 1279 1067 1321 volunt
1087 1289 1166 1332 pro
1189 1278 1319 1321 laude
1337 1279 1518 1334 pacisci.
1545 1327 1549 1330 ,

372 1352 465 1389 Hos
478 1359 705 1391 successus
723 1350 800 1391 alit
821 1366 830 1389 ι
853 1351 1051 1403 possunt,
1073 1350 1174 1401 quia
1190 1359 1317 1403 posse
1333 1349 1558 1391 videntur.

370 1420 429 1458 Et
447 1416 535 1458 fors
556 1419 737 1470 aequatis
755 1419 973 1472 cepissent
991 1418 1171 1472 praemia
1185 1419 1361 1463 rostrisz

371 1488 439 1536 Ni,
459 1488 626 1543 palmas
645 1491 786 1542 ponto
806 1487 994 1530 tendens
1016 1490 1237 1540 utrasque,
1259 1487 1500 1530 Cloanthus

372 1557 658 1611 Fudissetque
676 1569 845 1612 preces,
863 1558 1080 1611 divosque
1099 1558 1144 1598 in
1165 1559 1269 1599 vota
1282 1559 1509 1600 vocasset:

377 1642 393 1664 ι(
418 1627 486 1674 Di,
502 1628 658 1680 quibus
673 1628 914 1681 imperium
933 1631 999 1670 est
1016 1628 1174 1681 pelagi,
1192 1638 1381 1680 quorum
1397 1639 1572 1680 aequora
1587 1639 1684 1670 cur-

372 1696 505 1737 Vohis
522 1698 647 1739 laetus
666 1708 748 1750 ego
763 1695 849 1738 hoc
866 1696 1133 1738 candentem
1151 1696 1198 1737 iu
1218 1697 1347 1738 litore
1370 1700 1544 1738 taurum
1599 1697 1680 1748 [ro.

374 1765 651 1807 constituam
671 1767 772 1807 ante
792 1776 904 1811 aras,
926 1766 1020 1806 voti
1036 1776 1149 1812 reus,
1176 1767 1357 1818 extaque
1375 1766 1509 1807 salsos

376 1835 621 1877 Porriciam
636 1835 682 1875 in
698 1833 875 1883 fluctus,
897 1837 942 1877 et
960 1834 1065 1875 vina
1081 1833 1299 1887 liquentia
1315 1833 1511 1876 fundam.
1531 1850 1549 1873 ι»

430 1903 560 1949 Dixit,
579 1915 769 1956 eumque
787 1904 884 1945 imis
905 1904 986 1945 sub
1009 1900 1211 1945 fluctibus
1233 1903 1373 1945 audiit
1387 1904 1529 1946 omnis

378 1973 616 2015 Nereidum
638 1974 891 2026 Phorcique
911 1971 1086 2020 chorus,
1107 1975 1402 2027 Panopeaque
1427 1974 1581 2026 virgo}

378 2047 434 2084 Et
452 2049 576 2096 pater
592 2046 686 2099 ipse
701 2055 836 2086 manu
851 2055 1012 2097 magna
1031 2047 1258 2085 Portunus
1272 2045 1452 2087 euntem

377 2113 562 2166 Impulit
580 2130 589 2153 z
609 2114 685 2154 illa
701 2116 816 2155 Noto
834 2112 962 2155 citius
983 2112 1239 2164 volucrique
1254 2114 1413 2165 sagitta

380 2182 451 2225 Ad
467 2186 630 2224 terram
653 2181 775 2235 sugit,
799 2185 990 2236 etportu
1014 2194 1060 2225 se
1081 2181 1281 2225 condidit
1301 2183 1406 2225 alto.

432 2255 539 2293 Tum
557 2255 675 2294 satus
692 2252 900 2300 Anchisa,
927 2253 1099 2295 cunctis
1115 2263 1168 2294 ex
1183 2263 1308 2295 more
1324 2253 1503 2301 vocatis,

378 2321 604 2363 Victorem
620 2334 779 2375 magna
794 2323 1013 2377 praeconis
1026 2333 1138 2366 voce
1156 2321 1418 2365 Cloanthum

381 2393 593 2438 Dcclai‘at,
625 2392 841 2446 viridique
861 2393 1035 2436 advelat
1055 2396 1252 2446 tempora
1271 2393 1397 2435 lauro
1416 2410 1424 2433 :
