1917 2942
352 379 427 418 isa
832 381 1161 421 GEORGICON
1587 383 1662 422 523

350 467 582 512 volveret,
602 465 856 516 Eurydicen
872 476 958 507 vox
978 467 1072 519 ipsa
1089 469 1133 508 et
1150 464 1312 520 frigida
1328 467 1480 520 lingua
1496 500 1504 515 .

346 534 442 574 Ah!
464 534 673 576 miseram
695 534 971 586 Eurydicen!
997 536 1143 576 anima
1163 534 1359 588 fugiente
1377 537 1584 579 vocabat:

346 602 598 654 Eurydicen
618 604 712 643 toto
732 601 987 644 referebant
1008 602 1191 645 flumine
1209 605 1332 658 ripae.
1354 619 1371 642 »

398 673 504 712 Haec
524 671 710 712 Proteus
729 686 738 710 :
759 672 804 711 et
817 680 862 711 se
873 673 999 722 jactu
1019 670 1141 713 dedit
1163 683 1315 724 aequor
1333 672 1380 712 in
1397 672 1558 720 altum3

345 742 527 792 Quaque
544 739 688 787 dedit,
707 742 991 794 spumantem
1008 740 1175 782 undam
1194 742 1274 782 sub
1290 743 1456 784 vertice
1476 744 1617 783 torsit.

397 811 457 848 At
478 818 572 848 nou
587 810 780 857 Cyrene3
802 819 995 859 namque
1014 809 1131 850 ultro
1150 807 1294 850 adfata
1311 810 1538 852 timentem
1558 827 1566 849 ι

347 893 364 915 α
387 878 499 919 Nate
518 908 526 924 ‚
545 877 652 918 licet
672 878 815 918 tristes
836 878 986 917 animo
1007 876 1233 929 deponere
1253 889 1396 920 curas.

345 950 451 988 Haec
472 948 615 988 omnis
630 947 772 988 morbi
794 957 923 988 causa
944 960 954 990 ;
973 945 1079 988 hine
1099 946 1345 989 miserabile
1362 948 1590 1001 Nymphae.

344 1019 455 1057 Cum
478 1017 635 1067 quibus
655 1016 727 1058 illa
747 1016 905 1058 choros
925 1017 1037 1058 lucis
1056 1017 1246 1068 agitabat
1261 1018 1307 1057 in
1325 1017 1424 1060 altis
1441 1049 1449 1065 .

340 1084 533 1125 Exitium
558 1085 717 1126 misere
739 1084 908 1136 apibus.
928 1088 990 1125 Tu
1010 1095 1195 1126 munera
1211 1085 1395 1140 supplex

339 1152 487 1195 Tende
502 1184 509 1199 ‚
527 1155 681 1205 petens
698 1163 851 1206 pacem
870 1182 879 1198 ,
901 1155 945 1194 et
966 1151 1113 1195 faciles
1131 1164 1345 1195 venerare
1366 1156 1400 1194 N
1408 1165 1561 1207 apaeas.

339 1225 536 1274 Namque
554 1222 722 1263 dabunt
744 1222 923 1264 veniam
937 1222 1054 1264 votis
1068 1253 1077 1268 ,
1095 1223 1266 1274 irasque
1283 1225 1525 1265 remittent.

340 1292 424 1334 Sed
438 1323 448 1343 ‚
470 1292 627 1333 modus
648 1290 805 1333 orandi
820 1291 895 1343 qui
914 1292 971 1333 sit
988 1323 998 1343 ,
1017 1293 1140 1345 prius
1160 1292 1317 1334 ordine
1337 1292 1497 1334 dicam.

339 1363 542 1410 Quatuor
564 1362 744 1403 eximios
763 1361 991 1414 praestanti
1011 1372 1197 1415 corpore
1215 1365 1364 1403 tauros
1385 1395 1393 1410 ‚

339 1431 423 1479 Qui
442 1430 517 1471 tihi
537 1441 658 1471 nunc
677 1430 828 1472 viridis
848 1429 1092 1484 depascunt
1110 1442 1282 1472 summa
1302 1432 1442 1483 Lycaei
1460 1465 1468 1479 ,

340 1500 492 1552 Delige
512 1531 520 1548 ‚
543 1503 587 1542 et
607 1500 771 1542 intacta
789 1500 974 1541 totidem
995 1500 1167 1542 cervice
1177 1503 1402 1552 juvencas.

338 1573 540 1619 Quatuor
557 1570 622 1611 his
643 1581 739 1611 aras
761 1569 845 1611 alta
867 1569 923 1611 ad
942 1569 1123 1611 delubra
1142 1571 1326 1624 dearum

339 1639 570 1681 Constitue
590 1671 598 1687 ‚
618 1642 662 1681 et
680 1650 855 1680 sacrum
871 1639 1038 1691 jugulis
1059 1638 1241 1681 demitte
1261 1651 1465 1683 cruorem
1487 1673 1494 1686 ,

337 1712 621 1763 corporaque
637 1708 733 1761 ipsa
751 1708 887 1750 boum
907 1707 1120 1750 frondoso
1143 1708 1291 1751 desere
1308 1711 1424 1752 luco.

338 1781 445 1820 Post
464 1809 473 1826 ‚
495 1778 571 1819 ubi
590 1789 710 1820 noua
728 1789 831 1820 suos
853 1781 1026 1820 Aurora
1043 1779 1284 1821 ostenderit
1302 1784 1448 1826 ortus.

336 1848 517 1890 Inferias
539 1847 704 1900 Orphei
725 1847 899 1889 Lethaea
916 1858 1135 1901 papavera
1150 1849 1321 1894 mittes.

335 1918 563 1960 Placatam
581 1916 836 1980 {Eurydicen
851 1917 992 1958 vitula
1010 1918 1279 1961 venerabere
1300 1929 1408 1960 caesa
1430 1952 1437 1965 .

334 1991 388 2030 Et
407 1989 582 2040 nigram
600 1987 810 2029 mactabis
828 1998 956 2030 ovem
975 2019 983 2035 ‚
1001 1987 1238 2040 lucumque
1251 1988 1432 2030 revises.
1454 2005 1469 2026 n

385 2058 516 2099 Haud
533 2068 681 2099 mora:
703 2057 918 2098 continuo
936 2057 1088 2098 matris
1108 2061 1329 2112 pra-{cepta
1344 2056 1506 2101 facessit
1532 2076 1540 2098 :

335 2128 404 2169 Ad
432 2127 615 2169 delubra
637 2128 759 2169 venit
776 2144 785 2175 ;
802 2129 1071 2169 monstratas
1090 2127 1248 2169 excitat
1267 2139 1384 2175 aras;

333 2199 535 2246 Quatuor
550 2196 728 2238 eximios
751 2196 978 2250 praestanti
1001 2206 1190 2250 corpore
1209 2199 1356 2238 tauros

334 2268 495 2312 Ducit,
513 2269 560 2308 et
577 2268 743 2308 intacta
763 2266 948 2309 totidem
969 2268 1141 2309 cervice
1154 2267 1380 2317 juvencas.

335 2339 464 2385 Post,
488 2336 565 2378 uhi
582 2347 702 2377 nona
719 2347 820 2378 suos
838 2339 1012 2378 Aurora
1025 2335 1258 2378 induxerat
1277 2340 1422 2383 ortus,

332 2406 513 2449 Inferias
535 2407 703 2461 Orphei
724 2406 859 2447 mittit
877 2440 885 2453 ,
905 2407 1144 2460 lucumque
1163 2406 1330 2448 revisit.

387 2478 467 2518 Hic
484 2488 590 2518 vero
606 2476 795 2517 subitum
819 2488 868 2518 ac
885 2476 1003 2517 dictu
1022 2476 1218 2520 mirabile
1237 2478 1484 2516 monstrum
