1917 2942
311 319 391 360 256
836 321 1017 360 AENEID
1024 321 1089 360 OS
1537 325 1613 364 457

315 407 441 447 Nunc
460 404 612 447 dextra
631 404 907 457 ingeminans
925 405 1055 454 ictus,
1071 415 1193 447 nunc
1209 405 1284 448 ille
1302 407 1489 448 sinistra.

312 476 350 515 N
357 484 407 516 ec
425 485 552 516 mora
565 504 575 520 ‚
596 485 681 517 nec
701 474 891 527 requies.
914 478 1057 525 Quam
1081 475 1223 517 multa
1241 476 1458 529 grandine
1475 476 1613 519 nimbi

311 544 586 585 Culminibus
606 544 840 598 crepitant,
863 546 926 586 sic
944 544 1092 586 densis
1110 544 1265 586 ictibus
1282 545 1414 588 heros

309 614 470 656 Creber
483 617 669 665 utraque
684 625 820 655 manu
836 614 984 668 pulsat
1002 616 1235 667 versatque
1254 616 1426 658 Dareta.

360 689 469 727 Tum
488 689 614 737 pater
633 688 787 726 AEneas
805 685 1047 738 procedere
1066 686 1240 738 longius
1259 686 1345 728 iras
1363 719 1372 734 ,

308 757 362 796 Et
382 755 538 797 saevire
556 754 711 797 animis
728 755 951 796 Entellum
962 753 1082 796 haud
1095 766 1244 808 passus
1263 755 1430 797 acerbis
1448 772 1459 795 ε

305 823 391 866 Sed
416 823 547 867 finem
565 825 779 876 imposuit
797 835 984 878 pugnae,
1009 825 1260 878 fessumque
1280 828 1439 867 Dareta

297 889 504 945 Eripuit,
526 893 726 936 mulcens
747 893 896 942 dictis;
927 905 977 936 ac
1000 894 1101 936 talia
1123 893 1237 936 fatur
1255 910 1265 934 ι

308 977 326 1000 «
350 961 528 1010 Infelix,
548 974 646 1017 quae
661 965 783 1005 tanta
802 964 1002 1004 animum
1023 962 1244 1006 dementia
1263 965 1403 1018 cepit!

307 1033 408 1074 Non
429 1034 543 1074 vires
563 1033 686 1079 alias,
708 1043 1012 1085 conversaque
1031 1034 1231 1084 numina,
1249 1035 1412 1075 sentis?

303 1100 418 1145 Cede
437 1101 537 1144 cleo.
556 1117 573 1139 »
595 1103 817 1157 Dixitque.
842 1107 884 1145 et
904 1101 1055 1157 pras-lia
1076 1113 1188 1145 voce
1206 1102 1359 1144 diremi
1369 1105 1399 1154 t.

305 1173 385 1213 Ast
405 1173 528 1214 illum
549 1169 624 1214 fidi
643 1172 831 1226 aequales
850 1203 860 1219 ,
881 1183 1025 1225 genua
1047 1183 1162 1225 aegra
1184 1172 1430 1214 trahentem
1447 1203 1458 1220 ,

302 1242 640 1295 Jactantemque
658 1244 847 1293 utroque
866 1244 1022 1295 caput,
1047 1252 1331 1294 crassumque
1348 1252 1553 1283 cruorem

302 1313 389 1352 Ore
409 1312 674 1363 ejectantem
688 1340 699 1361 ,
721 1310 967 1364 mixtosque
982 1310 1029 1351 in
1046 1310 1261 1363 sanguine
1277 1311 1446 1358 dentes,

301 1381 482 1422 Ducunt
500 1379 555 1422 ad
574 1391 730 1428 naves3
754 1380 1013 1432 galeamque
1030 1391 1268 1433 ensemque
1288 1380 1435 1422 vocati

302 1448 548 1501 Adcipiunt
566 1465 576 1489 ι
598 1449 789 1503 palmam
807 1449 982 1491 Entello
1003 1451 1268 1502 taurumque
1285 1450 1559 1503 relinqunnn

352 1519 439 1561 Hic
454 1518 615 1570 victor,
632 1530 844 1571 superans
862 1519 1034 1567 animis,
1058 1522 1270 1573 tauroque
1291 1522 1506 1575 superbus
1526 1538 1535 1559 :

303 1603 321 1626 α
342 1590 450 1630 Nate
471 1587 566 1636 dea,
593 1598 759 1642 vosque
773 1587 882 1638 haec‚
902 1590 1064 1641 inquit,
1093 1590 1364 1641 cognoscite,
1385 1594 1558 1639 Teucri,

301 1656 473 1698 Etmihi
489 1668 586 1710 quae
608 1657 772 1699 fuerint
785 1658 982 1709 juvenali
1004 1659 1046 1699 in
1065 1669 1257 1712 corpore
1276 1661 1391 1702 vires
1404 1690 1414 1707 .

299 1729 353 1769 Et
368 1739 454 1781 qua
472 1729 655 1770 servetis
671 1732 935 1771 revocatum
955 1740 978 1770 a
994 1731 1140 1770 morte
1157 1732 1332 1771 Dareta.
1355 1744 1373 1768 ι»

348 1798 480 1846 Dixit,
500 1799 545 1840 et
572 1798 745 1840 adversi
760 1800 915 1840 contra
933 1798 1055 1840 stetit
1069 1809 1147 1839 ora
1158 1798 1341 1849 juvenci
1359 1828 1371 1849 ‚

294 1867 377 1917 Qui
394 1867 563 1914 donum
582 1866 782 1909 adstabat
798 1878 956 1922 pugnae
974 1884 984 1916 ;
1004 1867 1226 1921 durosque
1244 1867 1428 1910 reducta

295 1936 488 1979 Libravit
507 1937 655 1979 dextra
672 1937 820 1981 media
836 1938 955 1981 inter
976 1948 1148 1980 cornua
1166 1941 1310 1980 cestus

294 2006 489 2055 Arduus,
513 2005 788 2060 effractoque
806 2007 928 2049 illisit
956 2007 1001 2048 in
1021 2019 1117 2050 ossa
1136 2008 1334 2050 cerebro.

291 2077 525 2126 Sternitur,
546 2077 841 2132 exanimisque
860 2080 1053 2119 tremens
1070 2077 1325 2132 procumbit
1339 2077 1463 2119 humi
1480 2077 1576 2119 bos.

291 2145 372 2188 Ille
387 2158 520 2199 super
542 2147 649 2189 tales
670 2145 861 2190 effundit
880 2149 1061 2200 pectore
1082 2158 1213 2189 voces
1232 2162 1242 2187 :

297 2219 446 2259 «Hanc
461 2216 553 2263 tibi,
566 2219 698 2269 Eryx,
713 2216 942 2259 meliorem
958 2216 1149 2258 animam
1166 2227 1248 2270 pro
1267 2218 1410 2258 morte
1426 2215 1598 2259 Daretis

291 2287 503 2329 persolvo
524 2302 534 2326 :
553 2285 626 2328 hic
646 2286 785 2328 victor
806 2287 951 2329 cestus
972 2287 1198 2339 artemque
1215 2297 1429 2337 repono.»

345 2358 563 2398 Protenus
584 2359 739 2398 AEneas
757 2356 887 2399 celeri
914 2358 1083 2398 certare
1096 2356 1256 2408 sagitta

289 2426 450 2468 Invitat
477 2426 551 2477 qui
576 2423 687 2466 sorte
703 2425 863 2472 velint,
886 2426 929 2467 et
947 2425 1129 2479 precinia
1147 2426 1298 2478 ponit3
