1917 2942
221 317 296 360 487
744 316 906 355 LIBER
939 315 990 352 V.
1450 315 1525 355 257

214 403 482 456 Ingentique
502 412 635 443 manu
654 402 817 443 10310111
835 400 890 442 de
910 410 1023 441 nave
1041 401 1230 452 Sergesti

217 474 357 526 Erigit
375 490 385 520 ;
409 475 453 515 01
473 474 703 515 volucrem
721 472 908 522 trajecto
925 470 972 511 in
991 469 1092 512 sune
1110 469 1364 511 columbam
1383 502 1389 512 .

219 545 317 593 Quo
335 541 518 583 tendant
535 540 699 582 serrum
718 571 728 590 ‚
746 539 864 580 malo
884 538 1116 591 suspendit
1134 538 1186 579 ab
1208 539 1313 580 alto.

217 614 474 653 Convenere
492 610 592 656 viri,
619 610 929 662 dejectamque
948 618 1061 650 terea
1079 610 1244 650 sortem

220 681 410 734 Adcepit
428 683 575 733 galea3
598 684 643 724 et
660 681 830 734 primus
854 681 1050 721 clamore
1067 679 1264 721 seeundo

221 751 474 803 Hyrtacidae
494 755 595 794 ante
612 761 766 792 omnes
782 750 868 791 exit
891 749 1015 791 loeus
1036 748 1354 803 Hippocoontis
1376 766 1385 789 ι

221 823 362 870 Quem
378 819 512 863 modo
531 821 675 862 navali
694 818 945 861 Mnestheus
966 820 1207 861 certamine
1226 819 1370 860 victor

220 891 525 942 Consequitur,
547 889 680 931 viridi
696 887 949 929 Mnestheus
970 888 1168 930 evinctus
1185 887 1314 929 oliva.

219 960 390 1001 Tertius
404 960 643 1012 Eurytion,
663 961 784 1004 tuus,
809 969 835 999 o
856 958 1122 1002 clarissime,
1141 955 1299 1001 frater,

220 1027 421 1070 Pandare
440 1058 450 1080 ‚
474 1030 548 1082 qui
567 1027 791 1080 quondam
807 1029 954 1078 jussus
974 1024 1246 1067 contundere
1262 1025 1416 1070 serdus.

217 1102 269 1140 In
288 1098 457 1141 medios
479 1099 612 1141 telum
633 1097 797 1139 torsisti
815 1097 982 1150 primus
1000 1096 1209 1137 Achivos.

219 1171 445 1211 Extremus
463 1170 673 1221 galeaque
691 1168 777 1208 ima
798 1167 982 1207 subsidit
1008 1169 1215 1214 Acestes;

217 1241 358 1279 Ausus
375 1240 418 1280 et
434 1238 527 1291 ipse
552 1247 687 1278 manu
700 1237 918 1286 juvenum
935 1237 1109 1278 10111310
1128 1235 1341 1277 laborem.

266 1310 377 1348 Tum
397 1306 556 1349 validis
575 1306 708 1349 flexos
723 1306 964 1347 incurvant
981 1305 1149 1347 viribus
1168 1316 1315 1347 areus-

215 1377 303 1418 Pro
324 1387 370 1418 se
390 1376 576 1428 quisque
595 1374 706 1423 viri,
738 1376 782 1414 et
799 1373 1068 1426 depromunt
1089 1374 1180 1416 tela
1196 1372 1429 1427 pharetris.

213 1447 449 1498 Primaque
463 1457 543 1499 per
562 1444 725 1487 coelum
749 1454 889 1487 nervo
908 1444 1123 1486 stridente
1143 1445 1300 1496 sagitta

215 1517 254 1555 H
260 1514 469 1567 yrtacidae
492 1514 668 1565 juvenis
691 1514 896 1555 volueres
913 1513 1162 1556 diverberat
1181 1524 1308 1555 auras
1325 1531 1336 1563 ;

214 1585 271 1624 Et
283 1584 406 1625 venit
420 1614 430 1630 ‚
453 1582 715 1636 adversique
733 1581 931 1634 infigitur
948 1583 1104 1624 arbore
1125 1583 1245 1623 mali.

215 1654 452 1696 Intremuit
468 1653 623 1700 1113105,
647 1653 879 1705 timuitque
896 1654 1101 1696 exterrita
1121 1653 1279 1707 pennis

217 1723 318 1764 Ales
337 1755 346 1769 ‚
368 1725 412 1765 et
427 1723 597 1774 ingenti
615 1724 863 1764 sonuerunt
881 1722 1030 1763 omnia
1046 1724 1221 1774 plausu.

216 1792 324 1833 Post
343 1802 443 1834 acer
461 1790 713 1833 Mnestheus
732 1789 925 1832 adducto
945 1793 1087 1832 consti
1097 1792 1149 1831 tit
1167 1802 1296 1838 arcu,

218 1861 320 1902 Alta
338 1863 509 1916 petens,
527 1860 782 1913 pariterque
800 1862 953 1903 oeulos
971 1860 1197 1912 telumque
1213 1860 1418 1903 tetendit.

215 1932 293 1972 Ast
309 1931 451 1983 ipsam
469 1929 741 1971 miserandus
761 1941 887 1972 avem
902 1931 1162 1982 contingere
1178 1931 1297 1972 ferro
1344 1955 1349 1961 ·

217 2001 318 2042 Non
339 1999 480 2041 valuit
500 2012 510 2035 =
533 1998 675 2041 nodos
696 1998 934 2041 etvineula
950 1993 1069 2040 linea
1080 1998 1216 2051 rupit,

217 2069 322 2120 Quis
343 2070 502 2111 innexa
520 2068 679 2124 pedem
700 2068 816 2109 malo
834 2069 1053 2121 pendebat
1070 2070 1121 2110 ab
1136 2068 1244 2110 alto.

216 2140 299 2181 Illa
319 2141 456 2181 Notos
475 2143 607 2192 atque
623 2144 717 2180 atra
740 2139 894 2180 volans
914 2140 960 2180 in
981 2140 1134 2182 nubila
1149 2139 1276 2193 fugit.

217 2214 327 2251 Tum
347 2210 538 2264 rapidus,
553 2210 813 2262 jamdudum
838 2221 943 2252 arcu
962 2211 1172 2253 contenta
1189 2214 1346 2265 parato

217 2283 319 2323 Tela
340 2283 510 2331 tenens,
533 2279 713 2323 fratrem
733 2281 947 2332 Eurytion
967 2280 1012 2321 in
1038 2284 1140 2323 vota
1155 2284 1346 2333 vocavit,

218 2355 317 2392 Jam
338 2352 633 2393 vacuoiaetam
656 2351 767 2394 coelo
787 2351 1059 2405 speculatus3
1082 2356 1126 2393 el.
1144 2351 1222 2392 alis

219 2419 511 2462 Plaudentem
531 2420 657 2473 nigra
680 2417 771 2472 figit,
791 2420 870 2460 suh
891 2419 1006 2461 nnhe
1025 2419 1288 2462 columbam.
