1917 2942
277 356 351 393 455
810 353 971 391 LIBER
1007 353 1059 391 ll.
1513 354 1585 392 {77

279 441 486 481 Vitavisse
504 439 622 481 vices
643 438 839 480 Daname
852 453 863 485 ;
887 439 954 485 ct,
977 438 1013 479 si
1033 437 1119 480 iata
1141 436 1322 479 fuissent

280 512 337 550 Ut
356 508 584 555 caderem,
606 507 816 549 meruisse
834 518 986 549 manu.
1014 507 1275 548 Divellimur
1292 506 1398 549 inde
1421 523 1429 545 ε

278 578 449 633 Iphitus
468 581 513 621 et
531 578 674 619 Pelias
689 588 863 619 mecum
883 593 893 624 ;
921 587 1113 629 quorum
1136 577 1305 631 Iphitus
1323 587 1419 618 aevo

280 653 380 690 Jam
399 653 591 702 gravior,
612 649 756 691 Pelias
774 650 818 690 et
837 648 1025 690 vulnere
1044 646 1192 688 tardus
1211 646 1322 687 Ulixi
1342 663 1351 686 :

279 719 496 759 Protenus
516 716 573 758 ad
592 716 716 759 sedes
733 714 1287 784 Priamisslamorqussocati.

336 787 420 828 Hic
442 797 549 828 vero
569 786 797 838 ingentem
817 796 1037 839 pugnam,
1061 796 1142 826 ceu
1161 786 1307 826 cetera
1322 794 1538 836 nusquam

281 855 401 897 Bella
418 854 589 900 forent,
613 854 723 895 nulli
748 856 840 896 tota
860 857 1142 895 morerentur
1159 854 1204 894 in
1219 852 1352 898 urbe,

278 925 350 967 Sic
371 927 555 967 Martem
569 924 838 967 indomitum
857 955 867 971 ,
889 926 1149 976 Danaosque
1164 921 1218 964 ad
1234 924 1351 965 tecta
1363 927 1540 964 ruentes

279 996 509 1037 Cernimus
526 1025 535 1043 ,
557 995 865 1048 obsessumque
881 999 978 1037 acta
995 994 1213 1037 testudine
1230 993 1383 1035 limen.

283 1066 463 1105 Haerent
481 1064 718 1116 parietibus
738 1064 886 1110 scalae,
905 1067 1141 1117 postesque
1164 1061 1243 1104 suh
1264 1062 1382 1114 ipsos

282 1134 494 1174 Nituntur
513 1133 718 1185 gradibus
731 1163 741 1179 ‚
764 1132 1018 1186 clipeosque
1035 1131 1089 1173 ad
1110 1133 1195 1174 tela
1213 1132 1400 1173 sinistris

285 1204 481 1245 Protecti
502 1203 739 1253 objiciunt3
761 1206 974 1256 prensant
988 1200 1160 1254 fastigia
1178 1200 1359 1243 dextris.

287 1272 544 1314 Dardanidas
563 1276 717 1314 contra
733 1274 875 1314 turres
892 1282 942 1313 ac
962 1272 1080 1314 tecta
1099 1271 1335 1312 domorum

285 1340 487 1383 Culmina
504 1341 762 1383 convellunt
783 1358 793 1381 ι
813 1340 880 1382 his
900 1351 945 1382 se
961 1371 971 1387 ,
993 1339 1172 1392 quando
1189 1340 1343 1380 ultima
1358 1342 1568 1385 cernunt,

286 1415 489 1455 Extrema
500 1413 592 1462 jam
614 1412 658 1451 in
673 1414 815 1452 morte
835 1412 995 1464 parant
1014 1408 1253 1452 defendere
1275 1409 1371 1451 telis
1390 1424 1401 1457 ;

287 1487 560 1534 Auratasque
580 1481 724 1525 trabes
739 1512 749 1529 ,
774 1484 977 1524 veterum
999 1481 1159 1523 decora
1178 1481 1265 1522 alta
1280 1483 1515 1533 parentum
1535 1511 1544 1526 ,

288 1552 542 1594 Devolvunt
561 1567 570 1590 z
592 1551 663 1592 alii
679 1551 840 1593 strictis
859 1551 1148 1593 mucronibus
1166 1551 1272 1591 imas

288 1621 511 1664 obsedere
530 1619 645 1662 fores
660 1636 670 1668 ;
687 1620 764 1661 has
779 1624 958 1663 servant
977 1620 1151 1673 agmine
1171 1619 1325 1661 denso.

290 1691 527 1734 Instaurati
548 1690 681 1732 animi
701 1691 818 1743 regis
834 1701 1092 1733 succurrere
1108 1690 1234 1732 tectis
1248 1720 1258 1735 ‚

291 1762 550 1815 Auxilioque
569 1761 716 1804 levare
732 1762 874 1808 viros,
893 1762 1072 1814 vimque
1092 1760 1254 1803 addere
1273 1759 1417 1801 victis.

344 1833 498 1874 Limen
518 1834 638 1883 erat,
661 1842 877 1885 caecaeque
899 1830 1035 1877 iores,
1058 1833 1103 1873 et
1121 1830 1296 1884 pervius
1316 1841 1421 1871 usus

290 1904 527 1944 Tectorum
541 1903 657 1944 inter
674 1913 719 1944 se
743 1901 930 1947 Priami,
951 1901 1184 1954 postesque
1198 1897 1342 1941 relicti

294 1976 331 2012 A
356 1973 479 2024 tergo
499 1969 676 2013 :inselix
696 1982 847 2032 quakse
867 2003 875 2018 ‚
895 1970 1002 2012 dum
1023 1981 1156 2022 regna
1178 1969 1419 2011 manebant
1438 1998 1446 2012 .

291 2042 456 2093 Saepius
473 2040 784 2083 Andromache
801 2039 911 2082 ferre
930 2041 1190 2082 incomitata
1204 2039 1374 2081 solebat

293 2110 362 2152 Ad
376 2121 551 2153 soceros
566 2141 575 2157 ,
599 2113 643 2153 et
659 2121 742 2152 avo
757 2122 945 2164 puerum
965 2112 1235 2163 Astyanacta
1249 2109 1463 2152 trahebat.

294 2179 447 2222 Evado
464 2179 518 2221 ad
534 2180 694 2220 summi
714 2177 887 2231 fastigia
906 2180 1135 2227 culminis,
1155 2178 1277 2222 unde

296 2251 401 2293 Tela
416 2261 552 2291 manu
570 2249 716 2292 miseri
730 2250 964 2300 jactabant
982 2249 1107 2291 irrita
1124 2249 1296 2292 Teucri.

297 2322 470 2362 Turrim
490 2351 498 2368 ,
526 2320 571 2361 in
598 2319 810 2374 praecipiti
828 2323 1041 2372 stantem,
1059 2321 1329 2374 summisque
1347 2320 1428 2362 sub
1445 2323 1559 2362 astra

296 2390 514 2434 Eductam
536 2390 662 2434 tectis
680 2422 688 2439 ‚
715 2389 834 2432 unde
851 2391 996 2432 omnis
1013 2392 1141 2443 Troja
1159 2390 1300 2433 videri
1319 2423 1329 2439 ‚

300 2462 355 2500 Et
370 2458 568 2501 Danaum
584 2460 722 2522 S.9¹.itae
740 2470 875 2502 naves
894 2492 902 2504 ,
926 2462 970 2501 et
991 2460 1154 2502 Achaia
1174 2462 1318 2503 castra
1337 2493 1345 2507 .

742 2567 753 2577 ae
1143 2566 1151 2570 -
1306 2569 1308 2571 .
1357 2561 1368 2571 ι

344 2594 379 2621 -u'
403 2585 703 2622 ‘jam'jssaeeie-v-
731 2583 750 2604 '⁸
797 2590 951 2610 nnn!
982 2578 1058 2612 .*:'‹
1106 2568 1267 2609 “a-‘0⁴2‘
1288 2569 1400 2597 ‘f'‘'⁶'

646 2634 674 2650 ‚v
758 2644 773 2647 -
1061 2612 1106 2648 ί
1217 2611 1240 2626 ‘s

399 2673 401 2677 .
457 2651 522 2683 :ze
531 2643 633 2709 „f”
659 2636 779 2680 fids-3
