1917 2942
318 374 393 413 904
814 374 978 414 Lmen
1007 375 1102 414 xii.
1129 354 1132 357 ’
1539 372 1613 418 477

314 459 617 504 ‘tollentemve
632 464 782 508 manu,
800 471 1038 513 saxumque
1056 461 1249 504 immane
1273 463 1526 505 moventem
1542 478 1552 510 ;

317 532 471 571 Genua
488 529 639 570 labant
658 562 666 578 ,
686 529 854 583 gelidus
875 530 1105 572 concrevit
1120 529 1281 584 frigore
1295 532 1489 585 sanguis.

317 601 427 640 Tum
445 599 554 652 lapis
575 600 667 653 ipse
683 599 796 649 viri,
820 609 1010 650 vacuum
1030 611 1112 653 per
1131 601 1263 643 inane
1278 602 1453 644 volutus
1468 613 1485 651 ,⁴

317 671 405 711 Nec
423 669 613 723 spatium
626 667 776 710 vevasit
794 672 960 716 totum,
982 680 1066 711 nec
1084 671 1265 723 pertulit
1279 671 1435 714 ictum.

319 743 382 780 Ac
396 739 517 781 velut
535 740 581 779 in
600 737 788 788 somnis,
810 739 963 782 oculos
983 739 1055 781 ubi
1076 741 1286 794 languida
1303 743 1465 797 pressit

318 811 456 851 Nocte
476 809 622 861 quies,
647 808 943 862 nequidquam
963 809 1116 851 avidos
1140 810 1375 855 extendere
1393 823 1544 855 cursus

316 879 433 920 Velle
452 878 670 927 videmur,
694 879 798 921 etin
815 878 970 921 mediis
990 880 1222 928 conatibus
1239 882 1344 934 aegri

318 950 592 993 succidimus
610 968 619 999 ;
640 962 731 992 non
746 950 897 1004 lingua
913 952 1052 998 valet,
1073 963 1169 994 non
1185 963 1372 1006 corpore
1385 956 1504 996 notae

317 1020 549 1064 Sufficiunt
566 1024 683 1064 vires
701 1052 709 1070 ‚
732 1033 816 1065 nec
830 1032 918 1063 vox
935 1025 1009 1063 aut
1026 1024 1160 1064 verba
1179 1027 1421 1076 sequuntur
1439 1035 1450 1061 e

318 1091 388 1134 Sic
403 1093 552 1132 Turno
570 1120 580 1137 ,
602 1100 865 1143 (macunque
881 1091 997 1131 viam
1013 1091 1187 1135 ,virtute
1205 1092 1386 1146 petivit,

316 1163 573 1203 successum
595 1158 676 1201 dea
696 1159 791 1200 dira
816 1162 966 1212 negat.
986 1163 1097 1201 Tum
1117 1166 1297 1212 pectore
1315 1173 1469 1204 sensus

317 1230 561 1271 vertuntur
577 1228 703 1270 varii.
728 1229 913 1271 Rutulos
931 1229 1157 1283 adspectat
1176 1261 1184 1277 ‚
1203 1233 1247 1272 et
1265 1229 1441 1280 urbem,

320 1300 649 1351 cunctaturque
668 1301 790 1340 metu
808 1329 817 1345 ,
840 1299 1064 1352 telumque
1080 1300 1246 1342 instare
1268 1301 1508 1352 tremiscit3

321 1369 357 1408 N
363 1379 412 1411 cc
431 1400 440 1416 ‚
461 1379 550 1421 quo
565 1379 610 1410 se
634 1368 812 1421 eripiat,
835 1379 944 1416 nec,
972 1380 1056 1422 qua
1076 1371 1118 1411 vi
1138 1369 1354 1411 tendatin
1371 1371 1569 1421 hostem,

321 1440 407 1480 Nec
425 1450 579 1482 currus
597 1450 782 1492 usquam
799 1439 943 1484 videt.
978 1440 1231 1491 aurigamve
1251 1450 1468 1484 sororem.

372 1509 607 1550 Cunctanti
626 1508 763 1551 telum
783 1511 937 1550 AEneas
957 1508 1088 1551 fatale
1108 1511 1337 1561 coruscat,

322 1576 507 1619 Sortitus
520 1576 748 1619 fortunam
768 1577 928 1627 oculis3
947 1581 990 1621 et
1008 1589 1199 1631 corpore
1220 1584 1314 1629 tolo

323 1647 504 1689 Eminus
519 1647 760 1701 intorquet.
791 1648 948 1690 Murali
967 1650 1144 1691 concita
1164 1661 1396 1704 nunquam

324 1719 565 1758 Tormento
584 1718 647 1758 sic
665 1727 763 1758 saxa
783 1715 978 1759 fremunt
996 1750 1003 1764 ,
1027 1729 1109 1761 nec
1131 1716 1315 1762 fulmine
1337 1722 1448 1765 tanti

324 1783 563 1825 Dissultant
581 1785 789 1837 crepitus.
815 1783 937 1825 Volat
953 1785 1035 1826 atri
1057 1785 1247 1827 turbinis
1269 1785 1410 1829 instar

325 1854 512 1901 Exitium
532 1853 679 1896 dirum
698 1853 820 1896 hasta
838 1853 1007 1903 ferens,
1027 1847 1213 1909 orasque
1229 1855 1421 1900 recludit

323 1923 518 1973 Loricae,
543 1928 588 1967 et
607 1924 737 1978 clipei
757 1926 976 1967 extremos
1000 1925 1470 1979 septemplicis'orbes3

326 1994 411 2035 Per
431 1993 626 2036 medium
641 1992 830 2036 stridens
850 1995 1009 2037 transit
1027 1994 1185 2037 femur.
1206 1995 1369 2039 Incidit
1385 1997 1498 2041 ictus

325 2065 486 2117 Ingens
501 2064 556 2105 ad
578 2067 742 2107 terram
763 2064 988 2119 duplicato
1006 2065 1176 2120 poplite
1195 2068 1386 2109 Turnus.

378 2136 664 2188 Consurgunt
682 2135 850 2188 gemitu
870 2136 1017 2176 Rutuli
1039 2167 1050 2187 ‚
1077 2137 1281 2190 totusque
1296 2140 1492 2190 remugit

330 2205 452 2246 Mons
466 2203 635 2247 circum
648 2235 660 2254 ,
684 2207 728 2248 et
747 2195 905 2248 vocem
923 2206 1009 2247 late
1025 2215 1209 2247 nemora
1230 2207 1317 2249 alta
1336 2208 1583 2251 remittunt.

328 2273 405 2315 Ille
424 2273 600 2316 humilis
614 2274 886 2329 supplexque
906 2275 1057 2317 oculos
1074 2275 1360 2330 dextramque
1379 2282 1638 2336 precantem

329 2344 602 2387 protendens
626 2358 636 2381 :
662 2360 678 2382 «
701 2344 916 2398 EquIdem
933 2346 1097 2394 merui‚
1118 2357 1205 2389 nec
1222 2347 1452 2401 deprecor,
1472 2350 1641 2404 inquit3

332 2417 463 2458 Utere
485 2417 601 2458 sorte
625 2417 711 2457 tua.
732 2415 882 2457 Miseri
903 2419 945 2457 tc
964 2416 999 2458 si
1019 2428 1106 2469 qua
1124 2418 1320 2472 parentis

332 2487 527 2540 Tangere
548 2497 650 2529 cura
672 2474 837 2539 potes‘t;
859 2496 939 2529 oro
959 2485 1065 2539 (luit
1077 2490 1121 2530 et
1138 2487 1323 2532 tibi‘talis
