1917 2942
384 325 461 362 5312
911 323 1167 362 AENEIDOS
1641 325 1692 362 36

384 409 500 460 Quid
516 411 713 463 repetam
731 410 901 450 exustas
917 408 1107 459 Erycino
1123 408 1170 448 in
1191 408 1318 449 iitore
1337 408 1522 450 classes?

384 478 497 529 Quid
519 481 832 532 tempestatum
851 488 1002 530 regem
1021 479 1266 529 ventosque
1287 475 1481 519 furentes

383 549 517 590 AEoiia
535 549 728 590 excitos?
749 549 826 588 aut
850 550 993 589 actam
1013 546 1204 588 nubibus
1222 547 1356 588 Irim?

387 620 512 659 Nunc
529 617 661 658 etiam
682 621 828 658 Manes
845 616 959 666 (haec
974 615 1190 657 intentata
1211 616 1418 658 manebat

381 689 482 727 Sors
500 690 669 740 rerum)
687 688 854 732 movet,
870 689 912 726 et
928 686 1099 738 superis
1117 685 1309 727 immissa
1325 688 1510 739 repente

382 755 570 802 Allecto,
592 756 756 797 medias
773 753 931 796 Italum
946 754 1162 795 bacchata
1177 765 1257 807 per
1273 755 1420 796 urbes.

380 823 450 862 Nil
469 835 603 878 super
618 823 807 878 imperio
823 834 1009 865 moveor
1028 823 1325 877 :speravimus
1342 824 1441 872 ista,

381 895 497 933 Dum
515 892 691 934 fortuna
708 891 815 934 fuit:
841 894 1021 934 vincant
1036 881 1145 944 quos
1159 893 1338 935 vincere
1359 903 1448 933 max
1460 892 1511 933 is.

378 962 420 1002 Si
436 963 560 1004 nulla
576 966 642 1004 est
655 963 775 1015 regio
789 964 972 1004 Teucris
990 973 1122 1014 quam
1139 961 1213 1004 det
1225 964 1299 1003 tua
1312 964 1480 1013 conjux

380 1034 516 1079 Dura,
536 1045 614 1087 per
633 1043 812 1078 eversae,
837 1034 1027 1084 genitor.
1052 1030 1265 1074 fumantia
1289 1033 1428 1082 Trojae

378 1102 558 1143 Excidia
575 1101 771 1144 obtestor
788 1132 798 1148 ‚
822 1100 954 1144 liceat
970 1100 1192 1142 dimittere
1209 1101 1262 1141 ab
1283 1101 1416 1142 armis

374 1172 651 1212 Incolumem
668 1170 925 1218 Ascanium,
950 1171 1084 1212 liceat
1098 1180 1324 1223 superesse
1338 1173 1566 1224 nepotem.

375 1243 530 1283 AEheas
554 1240 712 1292 procul
730 1241 890 1294 ignotis
904 1241 1098 1290 jactemr
1115 1241 1162 1280 iu
1184 1238 1337 1286 undis;

376 1312 432 1351 Et
446 1320 755 1364 quameunque
771 1310 885 1351 viam
909 1309 1081 1352 dederit
1102 1313 1294 1350 Fortuna
1313 1312 1527 1362 sequatur
1546 1324 1558 1348 z

375 1382 507 1423 Hunc
526 1384 671 1433 tegere
687 1412 697 1430 ‚
721 1383 766 1422 et
780 1380 885 1422 dirae
903 1380 1075 1422 valeam
1094 1378 1339 1422 subducere
1354 1389 1531 1433 pugnae.

376 1452 451 1490 Est
466 1450 701 1497 Amathus,
722 1451 787 1491 est
802 1451 920 1492 celsa
944 1448 1053 1489 mihi
1074 1448 1250 1503 Paphos
1264 1481 1277 1497 ,
1299 1452 1428 1501 atque
1449 1446 1634 1500 Cythera
1649 1478 1661 1497 ,

374 1520 614 1573 Idaliaeque
635 1520 792 1562 domus
816 1532 826 1557 e
848 1520 1003 1575 positis
1017 1520 1235 1572 inglorius
1255 1520 1385 1561 armis

373 1592 523 1643 Exigat
545 1591 616 1634 hic
633 1602 791 1633 aevum.
814 1593 974 1644 Magna
994 1589 1163 1631 ditione
1175 1591 1335 1640 jnbeto

373 1659 590 1712 Carthago
609 1663 781 1713 premat
797 1660 1041 1701 Ausoniam
1060 1675 1069 1700 ε
1090 1658 1202 1700 nihil
1214 1660 1398 1702 urbibus
1414 1658 1519 1701 inde

373 1729 576 1771 obstabit
596 1730 751 1781 Tyriis.
772 1729 887 1779 Quid
905 1732 1076 1782 pestem
1097 1727 1283 1771 evadere
1303 1727 1406 1770 belli

370 1803 396 1840 J
403 1800 516 1847 avit,
535 1802 581 1841 et
598 1800 824 1852 Argolicos
841 1799 1038 1841 medium
1053 1799 1214 1851 fugisse
1231 1810 1310 1852 per
1326 1799 1450 1851 ignes
1467 1828 1477 1846 ‚

371 1873 540 1925 Totque
559 1870 690 1911 maris
705 1872 925 1923 vastaeque
942 1868 1153 1912 exhausta
1168 1869 1366 1922 pericula
1387 1870 1540 1916 terrae3

373 1942 486 1980 Dum
511 1940 683 1979 Latium
702 1938 859 1980 Teucri
875 1937 1159 1991 recidivaque
1179 1940 1389 1990 Pergama
1404 1937 1639 1990 quaerunt?

371 2012 472 2051 Non
491 2008 626 2050 satius
644 2040 652 2055 ‚
674 2008 844 2050 cineres
865 2008 1019 2061 patriae
1040 2006 1247 2050 insedisse
1268 2017 1497 2061 supremos
1516 2039 1525 2054 ‚

373 2082 518 2132 Atque
535 2078 705 2126 smum,
729 2090 817 2131 quo
837 2080 967 2130 'froja
988 2077 1101 2119 suit?
1127 2077 1355 2120 Xanthum
1374 2079 1418 2120 et
1439 2078 1659 2120 Simoenta

373 2149 526 2191 Redde
544 2181 553 2195 ,
574 2159 679 2196 oro,
702 2148 871 2190 miseris
888 2165 899 2197 ;
920 2150 1169 2202 iterumque
1187 2149 1410 2190 revolvere
1430 2159 1557 2190 casus

373 2220 436 2258 Da
455 2249 463 2264 ,
490 2221 628 2273 pater,
649 2220 804 2260 Iliacos
823 2219 1021 2261 Teucris.
1044 2233 1059 2255 n
1079 2221 1189 2259 Tum
1209 2217 1330 2271 regia
1343 2221 1464 2259 ,Iuno

374 2290 483 2329 Acta
506 2285 655 2330 furore
676 2286 829 2341 gravi:
849 2304 865 2326 u
888 2287 1003 2339 Quid
1023 2299 1096 2330 me
1120 2288 1205 2330 alta
1222 2288 1396 2330 silentia
1409 2290 1531 2340 cogis

374 2361 594 2411 Rumpere
613 2389 622 2405 ,
645 2362 689 2401 et
708 2358 948 2399 obductum
969 2357 1113 2400 verbis
1131 2358 1314 2411 vulgare
1332 2358 1532 2400 dolorem
1549 2360 1569 2397 ¹?

375 2431 542 2471 AEnean
562 2427 793 2470 homiuum
813 2429 1044 2481 quisquam
1069 2426 1310 2480 dix-'simque
1328 2427 1501 2480 subegit
