1917 2942
230 321 301 360 ⁴27
741 323 900 361 LIBER
932 325 1004 363 IX.
1454 325 1532 364 539

229 408 353 449 Ultro
373 407 543 449 animos
563 407 681 449 tollit
699 407 829 449 dictis
844 439 854 456 ,
876 410 1007 461 atque
1024 410 1227 464 increpat
1248 409 1395 451 ultro:

232 491 250 512 ι
270 476 479 526 Troianos
497 474 593 518 hoec
612 481 810 518 monstra
826 479 1008 530 petunt3
1024 477 1093 519 his
1113 479 1320 532 Juppiter
1334 478 1430 532 ipse

228 544 448 586 Auxilium
466 545 642 587 solitum
662 545 849 597 eripuit:
869 556 960 586 non
983 545 1065 588 tela
1081 576 1091 596 ,
1107 557 1190 588 nec
1208 548 1333 599 ignes

229 617 495 667 Exspectant
521 614 732 662 Rutulos;
751 624 859 666 ergo
877 615 1017 656 maria
1037 615 1154 657 invia
1173 614 1374 663 Teucris,

230 687 318 727 Nec
336 696 434 740 spes
456 685 544 726 nlla
564 682 701 738 fugae:
721 696 870 727 rerum
889 696 988 738 pars·
1011 686 1144 727 altera
1166 684 1340 727 ademta
1359 687 1439 728 est.

229 758 361 797 Terra
381 757 531 797 antem
551 756 596 795 in
617 755 777 797 nostris
798 755 1018 804 manibus;
1041 758 1108 796 tot
1124 754 1261 796 millia
1276 758 1430 808 gentes

232 831 366 868 Arma
384 825 534 868 ferunt
551 827 687 868 Italae.
716 827 785 867 Nil
802 837 872 868 me
894 824 1035 867 fatalia
1055 828 1244 870 terrent.

231 896 272 936 Si
292 907 378 949 qua
397 896 594 948 Phryges
617 906 705 950 prae
725 906 770 937 se
786 897 983 946 jactant,
1001 905 1215 948 responsa
1232 893 1437 935 deorum.

232 970 302 1008 Sat
317 965 413 1009 fatis
429 967 677 1019 Venerique
693 966 847 1008 datum
860 999 872 1016 ‚
895 966 1079 1017 tetigere
1097 965 1216 1018 quod
1237 975 1344 1006 arva

233 1037 402 1078 Fertilis
422 1037 628 1078 Ansoniae
643 1035 789 1078 Ti'oes.
810 1037 918 1077 Sunt
937 1039 980 1077 et
997 1046 1091 1078 mea
1108 1038 1263 1077 contra

234 1101 338 1148 Fata
359 1106 467 1148 mihi
485 1137 496 1157 ‚
519 1105 638 1149 ferro
655 1107 911 1148 sceleratam
933 1105 1189 1148 exscindere
1207 1107 1385 1157 gentem
1402 1135 1411 1149 .

234 1176 430 1228 conjuge
445 1179 688 1229 praerepta3
708 1176 792 1220 nec
810 1174 926 1215 solos
946 1175 1087 1226 tangit
1107 1174 1284 1215 Atridas

237 1248 323 1287 Iste
343 1244 485 1291 dolor,
503 1245 693 1297 solisque
708 1244 814 1285 licet
833 1254 991 1295 capere
1009 1254 1131 1284 arma
1151 1243 1363 1295 Mycenis.

235 1315 319 1357 Sed
336 1316 514 1368 periisse
527 1315 663 1357 semel
675 1314 776 1354 satis
792 1315 881 1355 est:
900 1323 1084 1366 peecare
1101 1310 1254 1354 fuisset

236 1387 351 1425 Ante
370 1385 472 1427 satis
490 1416 500 1433 ‚
519 1385 696 1438 penitus
717 1384 852 1424 modo
871 1394 961 1424 non
979 1394 1117 1431 genus
1133 1394 1265 1424 omne
1283 1393 1464 1437 perosos

237 1454 505 1497 Femineum.
528 1455 693 1505 Quibus
713 1454 809 1496 haec
823 1452 954 1495 medii
974 1451 1130 1494 fiducia
1145 1451 1248 1494 valli
1267 1483 1277 1500 ,

237 1526 555 1578 Fossarnmque
571 1535 728 1572 morae,
749 1524 827 1565 leti
846 1523 1097 1565 discrimina
1116 1533 1252 1576 parva
1268 1554 1278 1570 ‚

237 1596 354 1635 Dant
372 1595 557 1635 animos.
575 1598 634 1635 At
650 1604 741 1635 non
758 1593 966 1635 viderunt
983 1593 1146 1634 moenia
1160 1593 1298 1643 Trojae

237 1664 431 1720 Neptuni
450 1664 658 1708 fabricata
678 1675 811 1707 manu
828 1664 1056 1719 considere
1075 1663 1119 1703 in
1139 1663 1296 1712 ignes?

238 1735 320 1778 Sed
340 1747 419 1777 vos
438 1767 447 1780 .
468 1747 494 1777 o
510 1735 635 1782 lecti,
656 1733 772 1777 ferro
788 1734 861 1787 qni
882 1731 1085 1774 scindere
1102 1732 1270 1774 vallum

239 1807 463 1860 Adnuit-at,
485 1808 530 1847 et
546 1817 722 1848 mecum
738 1803 913 1846 invadit
927 1801 1196 1856 trepidantia
1215 1804 1388 1845 castra?

239 1877 336 1916 Non
356 1876 487 1916 armis
506 1873 613 1915 mihi
634 1873 817 1915 Vulcani
834 1903 844 1921 ‚
874 1883 964 1913 non
983 1871 1106 1913 mille
1125 1871 1286 1913 carinis

241 1947 314 1986 Est
331 1956 440 1998 opus
456 1944 500 1985 in
515 1947 706 1987 Teucros
723 1961 732 1984 :
750 1942 912 1985 addant
928 1954 975 1985 se
996 1943 1205 1995 protenus
1220 1951 1374 1983 omnes

241 2016 413 2057 Etrusci
431 2015 587 2056 socios.
610 2014 850 2062 Tenebras,
875 2015 918 2054 et
935 2012 1094 2053 inertia
1115 2009 1231 2053 furta

241 2085 464 2136 (Palladii,
490 2085 611 2127 caesis
631 2095 813 2126 summae
829 2082 1083 2126 custodibus
1103 2082 1216 2123 arcis
1230 2081 1259 2131 ,δ

247 2159 307 2198 Ne
325 2156 512 2198 timeant
526 2172 536 2202 ς
551 2165 636 2196 nec
659 2154 760 2206 equi
776 2163 891 2194 cteca
912 2149 1157 2193 condemur
1171 2150 1218 2191 in
1238 2149 1338 2193 alvo
1359 2164 1372 2188 x

244 2229 359 2270 Luce
373 2258 383 2273 ,
404 2227 550 2280 palam
568 2257 577 2276 ‚
599 2231 769 2268 certum
790 2227 856 2266 est
874 2222 967 2275 igni
984 2220 1259 2264 circumdare
1278 2232 1445 2264 muros.

245 2298 371 2340 Haud
388 2297 468 2341 sibi
485 2307 586 2339 cum
601 2296 764 2337 Danais
785 2307 877 2338 rem
902 2293 996 2335 faxo
1015 2296 1059 2334 et
1079 2292 1192 2346 pube
1211 2292 1394 2345 Pelasga

244 2370 343 2410 Esse
361 2368 521 2422 putent
539 2398 548 2415 ,
567 2365 790 2409 decimum
805 2374 914 2417 quos
935 2362 1106 2406 distulit
1120 2365 1285 2405 Hector
1300 2363 1345 2404 in
1366 2373 1546 2405 annum.

250 2439 373 2481 Nunc
389 2437 520 2484 adeo.
548 2436 703 2481 melior
723 2435 933 2489 qnoniam
955 2444 1055 2489 pars
1073 2436 1170 2476 acta
1184 2432 1268 2476 diei
1290 2465 1297 2479 .
