1917 2942
350 321 426 359 1494
924 323 1081 361 ClRlS.
1605 325 1653 363 20

348 406 401 445 Et
416 405 625 455 gracilem
645 404 770 446 molli
789 406 919 448 liceat
933 408 1046 460 pede
1071 407 1276 451 claudere
1296 420 1469 451 versum
1486 426 1496 456 ;

348 472 432 515 Sed
453 484 614 525 magno
636 474 830 516 intexens
850 507 858 523 ‚
881 477 916 517 si
935 476 997 518 i'as
1018 481 1081 518 est
1101 477 1269 526 dicere,
1296 480 1446 532 peplo,

347 544 498 592 Qualis
515 542 769 587 Erechtheis
789 545 895 587 olim
911 550 1116 600 portatur
1135 548 1314 590 Athenis
1334 580 1342 596 ‚
1439 535 1440 538 ¹

350 613 506 653 Debita
519 625 656 666 quum
675 617 802 656 castae
820 614 1057 657 solvuntur
1076 619 1178 659 vota
1201 618 1407 658 Minervae
1421 648 1430 662 ,

347 684 574 736 Tardaque
591 683 794 727 confecto
811 686 999 728 redeunt
1017 688 1308 741 Quinquatria
1326 687 1465 729 lustro
1482 719 1493 737 ‚

348 755 493 802 Quum
514 753 619 795 levis
637 754 809 795 alterno
831 755 1057 807 Zephyrus
1079 757 1339 799 concrebuit
1357 761 1494 804 Euro,

347 827 403 864 Et
427 836 564 876 prono
579 826 811 878 gravidum
826 828 1028 881 provexit
1042 827 1240 881 pondere
1261 840 1453 870 cursum.

311 912 316 915 ’
348 895 471 936 Felix
493 895 564 936 ille
578 895 672 937 dies
690 927 700 942 ,
721 895 821 938 felix
838 898 881 939 et
899 896 1063 938 dicitur
1078 909 1241 945 annus3

348 966 515 1007 Felices
530 997 539 1012 ,
560 964 637 1018 qui
658 966 787 1008 talen]
805 978 972 1007 annum
993 967 1145 1011 videre
1163 1000 1171 1015 ,
1195 968 1414 1021 diemque.

348 1037 469 1087 Ergo
491 1034 697 1077 Palladiae
720 1039 931 1077 texuntur
951 1037 996 1078 in
1014 1037 1172 1080 ordine
1192 1049 1352 1091 pugna:
1376 1053 1384 1076 :

349 1108 509 1157 Magna
527 1106 753 1158 Giganteis
769 1110 988 1148 ornantur
1008 1109 1135 1162 pepla
1156 1109 1358 1161 tropaeis3

350 1174 542 1217 Horrida
563 1177 810 1228 sanguineo
834 1177 1079 1229 pinguntur
1101 1177 1251 1232 przelia
1266 1190 1424 1227 cocco;

350 1245 543 1286 Additur
562 1250 714 1287 aurata
734 1248 928 1298 dejectus
945 1248 1127 1301 cuspide
1145 1248 1301 1301 Typho
1322 1280 1331 1298 ,

352 1316 436 1366 Qui
460 1318 608 1370 prius,
631 1318 786 1359 Ossaeis
805 1319 1094 1360 consternens
1115 1318 1278 1360 aetliera
1294 1319 1426 1367 saxis,

353 1386 557 1427 Emathio
577 1386 742 1429 celsum
762 1388 1019 1441 duplicabat
1035 1390 1203 1430 vertice
1220 1388 1473 1441 Olympum.

354 1458 459 1499 Tale
479 1457 571 1499 deae
592 1456 744 1499 velum
760 1459 964 1501 sollemni
981 1459 1024 1498 in
1049 1461 1248 1512 tempore
1270 1461 1464 1511 portant.

355 1528 449 1569 Tali
469 1531 508 1569 te
528 1527 709 1575 vellem,
727 1530 943 1578 juvenum
966 1528 1245 1577 doctissime,
1267 1529 1354 1570 ritu

354 1599 610 1651 Purpureos
630 1597 871 1640 intersoles
888 1602 931 1639 et
951 1598 1140 1640 candida
1161 1598 1276 1640 lunae

356 1666 532 1712 Sidera,
556 1668 754 1709 caeruleis
775 1667 925 1709 orbem
944 1668 1163 1720 pulsantia
1182 1668 1291 1720 bigis
1305 1699 1315 1715 ,

354 1739 530 1778 Natura}
553 1749 700 1779 rerum
724 1737 892 1790 magnis
910 1738 1107 1781 intexere
1128 1737 1315 1787 charti33
1358 1780 1360 1794 ff

354 1808 583 1850 AEternum
606 1807 780 1864 Sophiae
797 1810 1089 1861 conjunctum
1106 1810 1303 1851 carmine
1319 1819 1484 1850 nomeu

353 1878 514 1919 Nostra
535 1881 659 1919 tuum
679 1877 855 1920 senibus
872 1879 1132 1930 loqueretur
1152 1879 1311 1932 pagina
1327 1879 1481 1920 saeclis.

357 1947 441 1988 Sed
458 1949 666 2002 quoniam
689 1948 743 1989 ad
761 1949 902 1990 tantas
922 1957 1045 1988 nunc
1067 1948 1258 2000 primum
1278 1949 1503 1990 nascimur
1525 1949 1637 1988 arte-s
1656 1964 1666 1993 ;

353 2020 481 2060 Nunc
503 2018 696 2071 primurn
721 2020 894 2060 teneros
910 2016 1139 2060 firmamus
1156 2018 1317 2061 robore
1338 2029 1496 2060 nervos
1515 2034 1524 2057 :

356 2091 463 2129 I-Iaec
485 2092 632 2130 tamen
652 2087 847 2135 interea,
870 2098 966 2140 quae
990 2099 1244 2142 possumus,
1268 2089 1313 2129 in
1335 2088 1492 2141 quibus
1513 2087 1595 2130 aevi

356 2158 507 2200 Prima
523 2158 775 2201 rudimenta
792 2160 836 2200 et
855 2157 1020 2212 primos
1040 2159 1261 2211 exegimus
1279 2169 1445 2204 annos,

357 2228 529 2283 Adcipe
551 2228 691 2274 dona,
715 2239 815 2270 meo
835 2229 1022 2270 multum
1040 2229 1218 2281 vigilata
1235 2229 1411 2275 labore.

360 2301 416 2338 Et
430 2299 657 2352 praemissa
671 2299 757 2341 tuis
772 2309 862 2340 non
880 2310 1042 2352 magna
1056 2298 1238 2341 exordia
1256 2299 1388 2341 rebus
1408 2314 1418 2339 z

361 2369 505 2422 Impia
524 2368 739 2423 prodigiis
761 2373 810 2410 ut
831 2368 1062 2423 quondam
1078 2369 1292 2411 exterruit
1312 2368 1467 2422 amplis

363 2439 504 2492 Scylla
520 2470 530 2487 ‚
550 2449 781 2492 novosque
802 2440 951 2481 avium
969 2438 1168 2482 sublimis
1185 2439 1231 2480 in
1250 2439 1350 2482 aere
1372 2440 1510 2481 coetus
