1917 2942
214 338 255 376 11)
567 337 825 375 AENEIDOS
859 337 1021 375 LIBER
1052 338 1122 374 M.
1422 337 1500 374 1215

211 421 540 473 Perfossumque
554 419 684 468 locis;
708 420 984 472 clipeumque
1001 431 1053 461 ex
1072 430 1157 461 aere
1175 419 1360 460 sinistrae.

209 491 418 543 subligat,
438 494 568 543 atque
588 501 736 533 ensem
757 491 874 533 collo
893 490 1122 543 suspendit
1138 491 1372 532 eburnum.

208 565 313 601 'l'um
332 562 475 602 socios
493 593 501 607 ‚
524 571 718 614 namque
738 561 880 601 omnis
897 570 999 601 eum
1019 560 1178 612 stipata
1199 560 1376 612 tegebat

211 629 348 671 'rurba
367 630 553 675 ducum,
576 630 871 682 sicincipiens
889 628 1092 669 hortatur
1111 631 1292 670 ovantes
1316 645 1325 666 :

261 715 277 737 a
298 699 480 740 Maxima
497 710 565 741 res
581 699 739 741 effecta
757 730 765 744 .
783 699 866 740 viri
887 698 1048 739 :timor
1066 699 1210 739 omnis
1229 698 1376 739 abesto
1392 732 1400 741 .

209 769 332 821 Quod
350 775 547 823 superest
570 785 578 808 z
599 769 694 811 haee
712 772 814 810 sunt
837 769 996 823 spolia,
1018 767 1130 810 etde
1146 779 1248 820 rege
1265 769 1455 822 superbo

210 841 440 889 Primitiae3
462 840 753 892 manibusque
774 840 880 881 meis
900 838 1137 880 Mezentius
1152 838 1224 880 hic
1239 843 1318 880 est.

208 912 328 950 Nunc
346 910 429 952 iter
453 908 507 950 ad
526 919 676 960 regem
694 908 820 949 nobis
836 917 1075 959 murosque
1092 907 1284 949 Latinos.

209 986 337 1020 Arma
356 983 506 1032 parate
526 1011 533 1026 ,
560 978 716 1020 animis
738 981 782 1019 et
799 988 874 1030 spe
892 978 1144 1030 praesumite
1164 977 1352 1025 bellum3

209 1050 267 1087 Ne
287 1058 372 1099 qua
394 1058 517 1089 mora
537 1047 713 1099 ignarus
731 1076 739 1094 ,
762 1046 836 1087 ubi
852 1046 1047 1100 primum
1065 1046 1227 1088 vellere
1257 1047 1381 1099 sigua

207 1115 638 1169 Adnuerintsuperi.
663 1116 914 1168 pubemque
935 1115 1124 1158 educere
1144 1116 1321 1163 castris,

208 1185 441 1239 Impediat,
468 1196 679 1237 segnesve
700 1188 820 1227 metu
839 1186 1057 1226 sententia
1076 1184 1232 1228 tardet.

208 1259 376 1298 Interea
396 1256 536 1299 socios
555 1255 868 1308 inhumataque
886 1266 1073 1310 corpora
1091 1259 1221 1298 terra:

208 1325 460 1368 mandemus
483 1342 492 1365 ε
514 1325 588 1378 qui
609 1325 727 1366 solus
748 1324 886 1366 1101103
902 1324 1152 1367 Acheronte
1165 1326 1246 1366 sub
1265 1324 1353 1367 imo
1378 1329 1457 1368 est.

207 1397 289 1441 Ite,
313 1396 395 1442 ait;
418 1395 614 1448 egregias
636 1395 825 1438 animas.
861 1404 957 1445 quae
973 1394 1187 1446 sanguine
1205 1393 1331 1434 nobis

210 1466 333 1506 Hane
348 1466 533 1519 patriam
554 1475 766 1517 peperere
786 1474 887 1509 suo,
912 1462 1119 1506 decorate
1136 1463 1354 1516 supremis

209 1535 460 1577 Muneribus
479 1551 490 1583 ;
510 1537 797 1586 maestamque
813 1533 1006 1574 Evandri
1023 1534 1191 1585 primus
1209 1532 1262 1574 ad
1279 1533 1435 1575 urbem

210 1604 406 1646 Mittatur
425 1604 590 1651 Pallas,
612 1613 742 1656 quem
760 1613 849 1642 nan
868 1602 1044 1643 virtutis
1063 1606 1267 1653 egentem

209 1672 399 1716 Abstulit
414 1677 506 1715 atra
526 1672 640 1723 dies,
658 1675 702 1715 et
720 1670 871 1714 funere
890 1672 1044 1713 mersit
1062 1671 1236 1713 acerbo.
1257 1686 1273 1707 υ

258 1743 328 1783 Sic
348 1742 408 1784 ait
424 1742 725 1793 illacrymans,
747 1740 993 1794 recipitque
1012 1739 1065 1781 ad
1087 1739 1241 1781 limina
1257 1750 1452 1791 gressum
1477 1756 1486 1779 z

209 1813 376 1865 Corpus
392 1812 466 1853 ubi
483 1811 672 1854 exanimi
692 1812 886 1863 positum
901 1810 1110 1851 Pallantis
1128 1810 1302 1852 Aeoetes

207 1882 413 1924 servabat
427 1881 587 1929 senior,
605 1883 680 1934 qui
701 1880 931 1923 Parrhasio
948 1880 1155 1920 Evandro

211 1952 415 2003 Armiger
432 1955 533 1993 ante
550 1951 628 1992 fuit
647 1967 657 1998 ;
680 1950 760 1992 sed
778 1962 869 1992 non
890 1950 1085 1993 felicibus
1105 1961 1228 2004 aeque

208 2025 313 2062 Tum
331 2032 478 2063 comes
495 2021 699 2075 auspiciis
721 2031 823 2062 caro
844 2019 971 2062 datus
987 2021 1077 2062 ibat
1097 2020 1297 2062 alumno.
1335 2073 1337 2075 ι

208 2091 384 2132 Circum
401 2091 543 2132 omnis
559 2089 865 2142 famulumque
884 2101 1040 2131 manus
1059 2091 1334 2143 Trojanaque
1354 2090 1483 2132 turba

210 2162 263 2201 Et
279 2162 478 2201 maestum
497 2158 653 2201 Iliades
670 2160 838 2201 crinem
860 2159 914 2201 de
930 2169 1053 2200 more
1070 2158 1243 2200 solutae..

211 2229 266 2270 Ut
279 2240 388 2271 vero
406 2233 559 2270 AEneas
577 2226 740 2270 toribus
756 2239 848 2271 sese
867 2228 1017 2269 intulit
1037 2227 1132 2270 altis
1151 2243 1161 2275 ;

208 2300 437 2353 Ingentem
457 2299 665 2353 gemitum
684 2300 824 2341 tunsis
844 2298 898 2341 ad
917 2298 1061 2341 sidera
1083 2299 1243 2340 tollunt

212 2370 471 2411 Pectoribus
489 2401 497 2416 ‚
519 2371 758 2420 maestoque
777 2368 983 2421 immugit
1002 2369 1120 2420 regia
1143 2369 1279 2411 luctu.

213 2438 331 2489 Ipse,
357 2441 490 2491 caput
509 2439 624 2481 nivei
642 2437 806 2479 [ultum
831 2438 1037 2481 Pallantis
1058 2440 1101 2481 et
1120 2449 1197 2482 ora
