1917 2942
215 339 287 377 405
731 338 894 378 LIBER
925 340 993 377 IV.

211 425 335 476 Szrpe
355 424 498 474 queri,
520 428 563 465 et
578 424 732 477 longas
751 425 797 464 in
818 423 967 467 fletum
987 423 1148 467 ducere
1163 437 1309 475 voces

211 493 433 546 nlultaque
451 496 666 547 praeterea
686 498 840 535 vatum
852 493 1066 546 praedicta
1092 495 1273 548 piorum

212 562 415 604 Terribili
438 564 611 604 monitu
639 563 919 605 horrificant.
940 564 1048 617 Agit
1067 565 1158 618 ipse
1180 566 1400 609 furentem

210 636 263 674 In
284 633 450 675 somnis
472 632 588 675 ferus
606 638 785 682 AEneas;
808 645 1069 688 semperque
1093 636 1283 689 relinqui

210 702 312 743 Sola
328 702 433 749 sibi,
454 712 627 755 semper
648 703 828 755 longam
845 703 1106 745 incomitata
1123 705 1301 747 videtur

209 771 278 809 Ire
298 771 435 817 viam,
461 775 504 811 et
524 770 675 820 Tyrios
697 770 870 813 deserta
891 782 1094 823 quaerere
1118 774 1245 814 terra.

1439 341 1462 379 ἲϋ

1466 344 1489 379 ΞΛ

209 839 508 881 Eumenidum
527 839 665 881 veluti
686 840 866 883 demens
885 841 1007 883 videt
1027 843 1202 894 agmina
1220 842 1468 888 Pentheus.

210 911 266 948 Et
282 908 419 950 solem
440 911 682 961 geminum,
703 911 748 953 et
766 910 965 964 duplices
982 923 1027 953 se
1044 912 1277 955 ostendere
1297 894 1494 956 Thebas:

210 982 301 1019 Aut
320 981 697 1031 Agamemnonius
722 981 865 1023 scenis
882 982 1071 1033 agitatus
1093 985 1268 1025 Orestes
1282 1014 1293 1034 ,

213 1053 440 1091 Armatam
461 1050 628 1093 facibus
648 1056 838 1095 matrem
856 1056 899 1094 et
916 1053 1194 1107 serpentibus
1217 1055 1323 1095 atris

212 1121 358 1168 Quum
378 1119 502 1174 sugit,
521 1120 788 1174 ultricesque
810 1121 965 1164 sedent
995 1124 1039 1163 in
1061 1123 1212 1164 limine
1233 1124 1364 1166 Dirae.

265 1192 407 1242 Ergo,
430 1190 506 1232 nbi
523 1191 728 1244 concepit
745 1192 897 1234 Furias
916 1192 1059 1235 evicta
1071 1191 1232 1235 dolore
1249 1224 1259 1239 .

213 1257 505 1310 Decrevitque
522 1259 651 1303 mori,
675 1262 848 1312 tempus
863 1271 1014 1302 secum
1032 1260 1129 1313 ipsa
1147 1260 1423 1313 modumque

216 1327 381 1379 Exigit,
405 1332 450 1369 et
468 1331 666 1369 maestam
684 1327 814 1372 dictis
837 1329 1042 1381 adgressa
1065 1340 1290 1376 sororem,

214 1395 456 1437 Consilium
475 1396 603 1437 vultu
623 1396 755 1448 tegit,
791 1408 842 1438 ac
861 1409 983 1451 spem
1009 1396 1156 1440 fronte
1176 1399 1352 1440 serenat
1371 1415 1380 1437 :

267 1481 282 1501 «
310 1464 465 1507 Inveni
482 1495 491 1512 ‚
509 1476 719 1517 germana
734 1498 743 1513 ,
770 1465 889 1507 viam
911 1469 925 1514 (
939 1468 1113 1518 gratare
1132 1467 1276 1507 sorori
1294 1470 1320 1514 ),

214 1537 321 1583 Quae
340 1533 451 1574 mihi
474 1532 632 1575 reddat
648 1545 772 1581 enm,
796 1536 867 1576 vel
886 1546 938 1577 eo
956 1547 1028 1577 me
1047 1536 1190 1579 solvat
1209 1537 1445 1577 amantem.

216 1604 385 1645 Oceani
402 1602 535 1645 finem
546 1604 673 1654 juxta
700 1603 926 1656 solemque
940 1604 1196 1649 cadentem,

216 1673 403 1713 Ultimus
423 1673 677 1725 AEtliiopum
697 1674 818 1715 locus
839 1676 927 1721 est,
951 1674 1025 1715 ubi
1041 1675 1257 1716 maximus
1274 1677 1397 1717 Atlas

216 1744 358 1783 Axem
373 1741 562 1784 humero
580 1743 755 1796 torquet
770 1744 904 1785 stellis
918 1743 1174 1785 ardentibus
1191 1747 1343 1797 aptum
1361 1760 1370 1783 2

216 1811 333 1853 Hinc
349 1811 456 1853 mihi
476 1814 674 1864 Massylae
696 1813 840 1864 gentis
861 1817 1106 1855 monstrata
1127 1812 1356 1858 sacerdos,

220 1880 511 1934 Hesperidum
527 1881 683 1934 templi
704 1883 851 1923 custos
869 1913 876 1927 ‚
897 1882 1138 1935 epulasque
1154 1881 1344 1924 ,draconi

218 1954 324 2000 Quze
339 1950 471 1991 dabat
487 1982 496 1998 ,
514 1954 558 1992 et
573 1961 718 1993 sacros
740 1952 940 1992 servabat
959 1952 1006 1992 in
1022 1951 1181 1993 arbore
1200 1963 1370 1998 ramos,

217 2023 436 2073 Spargens
453 2019 636 2061 humida
653 2019 781 2060 mella
802 2019 1189 2074 soporiferumque
1208 2032 1415 2075 papaver.

221 2091 255 2128 H
265 2101 327 2131 aec
344 2100 389 2131 se
404 2090 671 2131 carminibus
682 2089 901 2143 promittit
912 2085 1093 2131 >solvere
1109 2093 1280 2132 mentes
1295 2121 1304 2137 ‚

219 2163 335 2209 Quas
354 2160 483 2206 velih
504 2162 566 2200 ast
584 2159 677 2201 aliis
696 2158 828 2201 duras
849 2160 1089 2202 immittere
1109 2170 1260 2207 curas;

220 2230 380 2272 sistere
397 2241 556 2282 aquam
573 2228 716 2271 fluviis
731 2262 738 2275 ,
764 2231 808 2272 et
826 2231 1003 2272 vertere
1020 2230 1163 2272 sidera
1179 2233 1322 2278 retro;

221 2305 555 2353 Nocturnosque
573 2302 659 2345 ciet
674 2303 842 2348 Manem
865 2301 1038 2354 mugire
1054 2301 1222 2343 videbis

222 2372 311 2413 Sub
332 2370 514 2425 pedibus
534 2374 695 2412 terram
716 2402 724 2413 ,
744 2373 787 2412 et
804 2368 1072 2413 descendere
1091 2371 1317 2411 montibus
1336 2381 1485 2413 ornos,

225 2443 402 2488 'se-ster,
429 2451 551 2492 cara,
571 2439 695 2488 deos,
721 2442 763 2481 et
787 2442 826 2483 te
847 2470 854 2486 ‚
876 2451 1087 2492 germana
1109 2473 1116 2488 ‚
1139 2443 1353 2492 tuumque
