1917 2942
448 332 525 370 5¹ss
948 333 1199 372 AENEIDOS
1675 335 1751 372 ⁴26

444 417 713 471 Tyrrhenas,
732 415 744 458 i
760 447 776 466 ι
791 421 939 460 sterne
960 419 1097 468 acies;
1120 422 1216 471 tege
1236 430 1343 473 pace
1366 420 1556 462 Latinos.

446 490 552 529 Haec
568 486 678 528 adeo
695 487 773 528 tibi
794 497 887 535 me,
909 487 1082 542 placida
1100 499 1238 541 quum
1260 491 1391 531 noete
1404 490 1597 540 jaceres.

445 559 545 610 Ipsa
571 556 713 608 palam
734 555 813 598 fari
834 557 1119 609 omnipotens
1136 558 1340 598 Saturnia
1352 559 1495 609 jussit.

447 629 593 676 Quare
615 636 694 678 age
710 657 720 677 ,
742 627 787 669 et
805 627 966 668 armari
988 626 1153 680 pubem
1169 627 1395 680 portisque
1415 629 1586 671 moveri

448 699 590 738 Laetus
612 696 656 737 in
673 707 794 739 arma
817 708 938 750 para,
961 699 1008 739 et
1022 697 1255 749 Phrygios,
1280 698 1354 750 qui
1371 695 1553 740 flumine
1573 697 1762 751 pulchre

446 766 700 809 Consedere
714 797 725 818 ,
742 766 876 809 duces
895 767 1121 822 pictasque
1142 778 1275 809 exure
1292 768 1477 810 carinas.

445 836 686 878 Coelestum
700 837 766 879 vis
783 847 941 889 magna
957 836 1099 889 jubet.
1119 840 1211 879 Rex
1224 837 1318 890 ipse
1339 838 1518 880 Latinus
1535 868 1546 888 ,

444 908 495 948 Ni
515 906 619 948 dare
637 906 892 959 conjugium
910 909 956 949 et
970 906 1090 949 dicto
1108 917 1259 961 parere
1276 906 1453 955 fatetur,

439 975 635 1022 Sentiat,
657 978 701 1017 et
719 974 893 1016 tandem
916 978 1118 1015 Turnum
1136 976 1382 1027 experiatur
1397 976 1444 1016 in
1463 976 1633 1017 armis-³

494 1047 579 1088 Hic
592 1045 788 1097 juvenis.
815 1048 958 1088 vatem
978 1045 1165 1089 irridens
1186 1076 1193 1091 ,
1214 1045 1276 1088 sic
1291 1056 1386 1086 orsa
1405 1045 1598 1087 vicissim

445 1117 536 1158 Ore
552 1113 713 1157 refert:
738 1129 753 1150 α
775 1115 943 1156 Classes
960 1115 1157 1157 invectas
1173 1113 1406 1168 Thybridis
1422 1114 1552 1157 alveo

444 1186 540 1225 Non
558 1215 568 1231 ‚
585 1185 759 1229 utrem,
782 1194 900 1225 meas
918 1181 1075 1235 efsugit
1096 1183 1279 1224 nuntius
1297 1194 1439 1224 aures.

444 1255 504 1296 Ne
525 1255 670 1295 tantos
688 1252 794 1313 mihi
813 1252 929 1306 finge
946 1254 1089 1296 metus
1107 1269 1116 1293 z
1139 1263 1222 1295 nec
1241 1253 1360 1306 regia
1374 1255 1493 1294 Juno

443 1326 682 1366 Immemor
701 1327 764 1365 est
777 1324 935 1365 nostri.

443 1392 529 1435 Sed
544 1395 585 1433 te
605 1392 720 1434 victa
737 1393 824 1433 situ
845 1393 1024 1445 verique
1043 1391 1173 1435 effeta
1189 1395 1414 1439 senectus,

444 1464 479 1502 Ο
503 1465 658 1511 mater,
678 1462 796 1504 curis
812 1462 1112 1515 nequidquam
1131 1465 1324 1509 exercet,
1347 1463 1391 1504 et
1407 1472 1527 1504 arma

442 1536 610 1583 Regum
628 1534 746 1573 inter
764 1530 870 1573 falsa
886 1535 1032 1574 vatem
1053 1531 1290 1574 formidine
1310 1531 1439 1573 ludit.

443 1607 560 1644 Cura
581 1602 659 1643 tibi
677 1635 685 1650 ,
709 1601 858 1643 divum
875 1600 1040 1653 effigies
1059 1606 1100 1644 et
1118 1603 1281 1655 templa
1296 1602 1410 1645 tueri
1428 1618 1439 1642 ι

442 1672 570 1714 Bella
589 1672 673 1712 viri
694 1682 934 1726 pacemque
954 1673 1110 1723 gerent
1129 1702 1138 1718 ,
1158 1669 1270 1723 (quis
1284 1671 1397 1713 bella
1415 1672 1637 1724 gerenda).
1662 1688 1686 1708 υ,

485 1743 660 1786 Talibus
676 1743 847 1785 Allecto
863 1742 989 1785 dictis
1008 1744 1167 1785 exarsit
1184 1743 1230 1784 in
1253 1744 1352 1786 iras.

440 1817 496 1855 At
519 1814 673 1866 juveni
691 1813 841 1855 oranti
860 1812 1029 1855 subitus
1049 1815 1215 1855 tremor
1233 1815 1422 1868 occupat
1436 1816 1552 1856 artus
1570 1831 1580 1863 ;

440 1882 681 1935 Deriguere
697 1882 838 1925 oculi:
861 1884 925 1923 tot
943 1882 1138 1933 Erinnys
1152 1882 1296 1924 sibilat
1308 1882 1461 1936 hydris
1479 1914 1488 1931 ,

435 1954 659 2004 Tantaque
676 1962 721 1993 se
743 1951 874 1992 i'acies
895 1950 1050 2008 aperit.
1069 1955 1182 2006 ,Tum
1194 1949 1403 1994 flammea
1420 1955 1627 2005 torquens

438 2024 628 2064 Lumina
647 2023 934 2065 cunctantem
949 2024 995 2064 et
1014 2025 1283 2075 quaerentem
1303 2022 1450 2066 dicere
1465 2023 1592 2077 plura

438 2093 639 2149 Repulit,
660 2096 706 2136 et
724 2093 921 2144 geminos
937 2092 1073 2134 erexit
1092 2092 1285 2135 crinibus
1300 2104 1463 2145 angues
1477 2126 1487 2140 ,

437 2166 718 2216 verberaque
738 2164 959 2214 insonuit,
977 2162 1222 2217 rabidoque
1238 2163 1331 2205 haec
1350 2162 1519 2205 addidit
1538 2173 1612 2206 ore
1631 2180 1640 2202 :

438 2252 453 2272 ιι
477 2239 564 2283 En,
586 2235 809 2288 egovvicta
827 2235 938 2282 situ,
964 2244 1097 2286 quam
1117 2234 1207 2276 veri
1221 2234 1349 2277 effeta
1367 2236 1569 2277 senectus

434 2311 566 2349 Arma
588 2306 704 2348 inter
720 2316 874 2358 regum
894 2304 998 2346 falsa
1017 2303 1249 2347 formidine
1268 2304 1405 2352 ludit3

434 2378 619 2431 Respice
635 2377 686 2417 ad
708 2376 828 2418 haec:
852 2375 1005 2418 adsum
1024 2375 1219 2418 dirarum
1238 2375 1289 2418 ab
1305 2375 1407 2418 sede
1427 2386 1658 2422 sororum-i

436 2447 552 2490 Belia
575 2457 707 2488 manu
728 2446 949 2500 letumque
971 2456 1091 2499 gero.
1113 2462 1127 2483 n
