1917 2942
271 365 294 402 5
756 360 981 399 ECLOGA
1014 361 1065 399 X.

271 446 472 487 Carmina
492 447 593 486 sunt
614 443 823 487 dicenda:
844 450 977 497 neget
993 446 1087 498 quis
1104 445 1295 486 carmina
1314 445 1439 485 Gallo
1454 445 1470 483 ‘j’

271 516 339 557 Sic
368 515 458 563 libi,
479 527 617 567 quum
635 513 791 556 fluctus
809 514 1106 556 subterlabere
1121 514 1310 560 Sicanos,

272 585 397 625 ‘Doris
415 594 561 626 amara
574 595 697 625 suam
716 594 809 624 non
830 583 1132 625 intermisceat
1150 582 1328 624 undam.

270 654 417 706 Incipe
437 671 446 694 ι
467 654 675 697 sollicitos
694 654 806 695 Galli
825 652 1022 695 dicamus
1045 665 1239 701 amores,

273 729 384 765 Dum
400 726 548 766 tenera
563 723 806 766 adtondent
822 724 942 765 simae
959 724 1154 775 virgulta
1171 723 1364 777 capellae.

270 798 366 836 Non
387 793 583 834 canimus
602 794 743 836 surdis
761 824 770 839 ‚
796 793 1071 847 respondent
1098 795 1246 835 onmia
1261 793 1396 835 silvae.

322 867 427 913 Quoe
447 873 629 904 nemora
646 895 655 911 ‚
678 865 753 905 aut
767 865 841 916 qui
860 874 937 904 vos
951 864 1088 905 saltus
1102 863 1294 905 habuere
1312 894 1320 910 ‚
1342 862 1499 916 puellaz

270 933 449 982 Naicles,
468 934 653 986 indigno
673 944 808 987 quum
821 933 973 975 Gallus
991 944 1140 976 amore
1161 933 1351 986 periret?

273 1008 380 1047 Nam
398 1017 540 1059 neque
557 1005 758 1046 Parnassi
777 1005 904 1045 vobis
918 1005 1026 1056 juga
1045 1036 1053 1050 ,
1077 1014 1182 1045 nam
1203 1014 1347 1056 neque
1368 1001 1498 1042 Pindi

273 1077 368 1117 Ulla
387 1087 554 1117 moran]
573 1074 716 1116 fecere
732 1107 741 1122 ,
771 1083 917 1127 neque
942 1073 1086 1114 Aonie
1105 1073 1351 1126 Aganippe.

271 1145 399 1186 Illum
420 1145 550 1187 etiarn
566 1144 699 1189 lauri,
719 1144 851 1186 etiam
872 1140 1032 1185 flevere
1051 1141 1230 1193 myricae
1254 1157 1263 1180 :

272 1214 437 1256 Pinifer
454 1215 579 1256 11111111
593 1216 727 1256 etiam
746 1213 839 1254 sola
854 1213 933 1255 sub
954 1223 1063 1265 rupe
1084 1213 1307 1263 jacentem

273 1284 492 1330 Maenalus,
515 1285 559 1326 et
575 1283 707 1336 gelidi
724 1282 941 1325 fleverunt
957 1292 1059 1323 saxa
1076 1282 1234 1333 Lycaei.

273 1356 451 1396 Stantet
467 1365 569 1396 oves
586 1354 755 1397 circum
776 1353 793 1403 (
813 1352 953 1393 nostri
971 1361 1053 1393 nec
1077 1351 1262 1405 poenitet
1280 1349 1399 1396 illas:v

274 1426 362 1465 Nec
381 1426 422 1465 te
441 1425 654 1478 poeniteat
669 1422 840 1476 pecoris
858 1453 866 1468 ‚
892 1421 1041 1463 divine
1061 1421 1191 1474 poeta
1216 1437 1227 1460 :

275 1496 329 1534 Et
345 1492 562 1535 formosus
578 1503 682 1535 oves
702 1491 756 1534 ad
771 1489 954 1532 flumina
971 1491 1094 1544 pavit
1105 1489 1306 1531 Adonis&

275 1562 407 1604 Venit
421 1564 465 1604 et
483 1562 622 1616 upilio
648 1577 657 1601 ι
676 1560 788 1604 tardi
804 1570 967 1602 venere
985 1558 1190 1606 bubulci3

272 1632 437 1674 Uvidus
453 1633 635 1674 hiberna
653 1632 775 1673 venit
789 1631 844 1672 de
858 1629 1019 1683 glande
1037 1629 1270 1670 Menalcas.

275 1704 451 1749 Omnes,
475 1701 601 1744 Unde
621 1712 745 1742 amor
770 1699 852 1741 isle
870 1731 878 1747 ‚
900 1699 1085 1751 rogant,
1109 1697 1186 1738 tibi
1201 1698 1219 1736 P
1237 1696 1367 1739 Venit
1389 1696 1546 1748 Apollo
1579 1710 1586 1730 τ

274 1771 397 1813 Galle
410 1804 421 1819 ,
438 1770 545 1823 quid
560 1770 750 1811 insanis?
772 1769 915 1821 inquit
937 1784 949 1808 2
969 1770 1042 1809 tua
1061 1778 1168 1809 cura
1184 1765 1361 1819 Lycoris

273 1845 442 1895 Perque
460 1841 580 1882 nives
595 1841 729 1882 alium
747 1849 913 1892 perque
930 1836 1112 1879 horrida
1131 1837 1271 1878 casira
1288 1839 1437 1878 secuta
1454 1840 1531 1877 est.

276 1912 405 1954 Venit
428 1914 472 1953 et
493 1912 651 1963 agresti
666 1909 819 1964 capitis
834 1909 1034 1949 Silvanus
1054 1906 1226 1947 11011010
1243 1936 1252 1952 ,

275 1981 502 2024 Florentes
519 1980 678 2024 ferulas
699 1982 743 2023 et
760 1978 943 2032 grandia
962 1978 1053 2018 lilia
1071 1986 1295 2029 quassans.

277 2055 385 2098 Pan,
404 2052 513 2094 deus
532 2050 745 2096 Arcadia-3,
761 2050 890 2091 venit
908 2057 1068 2100 :quem
1087 2046 1279 2088 vidimus
1298 2046 1380 2099 11151

279 2120 539 2173 sanguineis
555 2119 670 2162 ebuli
685 2119 829 2160 baccis
844 2117 1070 2169 minioque
1089 2116 1339 2158 rubentem.

278 2192 436 2241 Ecquis
455 2191 540 2233 erit
557 2188 749 2230 modus?
770 2189 938 2241 inquit3
962 2189 1100 2228 Amor
1121 2196 1214 2228 11011
1234 2187 1335 2228 talia
1355 2189 1492 2229 curat.

278 2264 366 2305 Nec
380 2261 586 2313 lacrymis
604 2258 792 2302 erudelis
808 2262 946 2300 Amor
959 2291 968 2308 ,
988 2269 1072 2299 nec
1086 2258 1286 2310 gramina
1301 2257 1404 2299 rivis
1420 2289 1428 2302 .

279 2334 368 2373 Nee
385 2331 525 2384 cytiso
545 2331 797 2371 saturantur
814 2340 915 2382 apes
929 2361 938 2377 ,
953 2338 1040 2370 nec
1054 2326 1213 2369 fronde
1232 2327 1426 2380 capellae.

280 2401 429 2442 Tristis
446 2403 490 2441 at
506 2400 579 2441 ille
601 2416 610 2440 z
631 2403 797 2440 Tamen
819 2398 1050 2440 cantabitis
1064 2430 1074 2446 ,
1098 2396 1305 2444 Arcades,
1339 2397 1505 2449 inquit,

282 2471 505 2513 Montibus
526 2469 619 2511 haec
638 2468 796 2513 vestris
815 2468 926 2511 :soli
948 2469 1128 2510 cantare
1142 2467 1272 2520 periti
