1917 2942
371 317 452 358 300
733 321 1002 365 AENEIDOS
1034 322 1197 360 LIBER
1231 321 1300 360 vl.
1596 326 1663 364 88⁴1

365 406 449 445 Seu
464 404 708 458 spumantis
724 406 827 458 equi
847 403 1020 448 foderet
1038 405 1280 448 calcarihus
1300 416 1460 448 armos.

364 477 479 522 Heu,
500 474 745 516 miserande
762 476 895 528 puer!
921 476 956 516 si
978 487 1067 527 qua
1087 474 1174 516 fata
1191 486 1345 529 aspera
1363 487 1555 530 rumpas,

362 547 424 585 Tu
443 543 670 586 Marcellus
686 546 782 585 eriS.
803 544 1000 587 Manibus
1020 545 1120 587 date
1136 544 1226 586 lilia
1244 545 1387 597 plenis
1406 562 1415 585 :

365 615 620 667 Purpureos
640 624 843 666 spargam
862 610 1007 658 flores,
1031 614 1312 667 animamque
1329 615 1504 668 nepotis

364 684 442 725 His
457 669 611 725 saltem
631 681 912 725 adcumulem
931 681 1073 733 donis,
1097 687 1139 724 et
1157 682 1316 736 fungar
1332 683 1453 725 inani

366 755 570 796 Munere!
596 770 610 791 u
636 753 707 795 Sic
723 756 816 795 tota
832 754 994 807 passim
1015 754 1196 806 regione
1211 756 1427 806 vagantur

367 824 496 866 Aeris
515 824 562 865 in
582 824 750 878 campis
769 824 883 873 latis,
905 825 1036 877 atquc
1052 825 1202 866 onmia
1218 825 1423 866 lustrant.

367 893 475 941 Quae
499 895 735 946 postquam
754 890 970 932 Anchises
990 894 1142 932 natum
1162 902 1242 945 per
1257 891 1428 943 singula
1448 891 1583 938 duxit,

359 960 650 1015 Incenditque
668 960 865 1002 animum
885 959 1010 1002 famae
1032 961 1248 1004 venientis
1268 971 1419 1002 amore
1437 977 1447 1001 ε

364 1030 478 1070 Exin
500 1029 613 1071 bella
627 1030 725 1071 viro
745 1034 961 1071 memorat
977 1041 1073 1082 quae
1095 1029 1255 1073 deinde
1276 1031 1486 1083 gerenda,

361 1099 690 1149 Laurentesque
706 1094 838 1137 docet
853 1098 1055 1150 populos,
1079 1097 1325 1150 urbemque
1344 1098 1515 1146 Latini;

360 1169 418 1208 Et
440 1176 528 1220 quo
549 1176 769 1218 quemque
787 1165 921 1206 modo
941 1164 1165 1219 fugiatque
1190 1166 1390 1220 feratque
1405 1168 1619 1210 laborem.

415 1236 525 1276 Sunt
545 1234 734 1286 geminae
755 1233 908 1275 Somni
927 1236 1068 1286 portae
1087 1251 1097 1273 ε
1115 1245 1302 1287 quarum
1323 1235 1459 1277 altera
1478 1235 1620 1278 fertur

361 1305 557 1351 Cornea;
581 1313 663 1355 qua
680 1301 794 1344 veris
812 1301 948 1343 facilis
969 1302 1098 1344 datur
1117 1303 1256 1345 exitus
1277 1304 1446 1346 umbris
1465 1321 1475 1345 t

361 1374 512 1416 Altera
524 1372 733 1415 candenti
748 1370 945 1427 perfecta
961 1373 1108 1416 nitens
1124 1373 1360 1428 elephanto
1376 1390 1388 1423 ς

359 1443 446 1485 Sed
469 1442 576 1484 falsa
596 1443 650 1483 ad
671 1442 833 1484 coelum
852 1442 1035 1484 mittunt
1050 1442 1272 1485 insomnia
1296 1446 1460 1487 Manes.

362 1514 439 1554 His
455 1512 529 1553 uhi
548 1515 642 1553 tum
656 1513 811 1553 natum
832 1511 1045 1553 Anchises
1063 1523 1239 1565 unaque
1253 1512 1462 1564 Sibyllam

361 1579 648 1633 Prosequitur
671 1577 814 1625 dictis,
838 1582 1052 1632 portaque
1069 1581 1232 1621 emittit
1247 1579 1442 1623 eburna:

360 1650 435 1693 Ille
454 1651 573 1692 viam
592 1654 712 1692 secat
732 1648 786 1691 ad
805 1659 954 1696 naves,
977 1649 1205 1703 sociosque
1224 1650 1398 1696 revisit:

360 1723 473 1761 Tum
491 1731 537 1762 se
559 1718 615 1761 ad
633 1720 792 1761 Caietae
813 1720 935 1761 recto
952 1716 1035 1761 fert
1051 1719 1191 1761 limite
1209 1723 1405 1772 portum.

363 1794 541 1833 Ancora
557 1788 612 1832 de
627 1790 960 1844 prorajacitur3
981 1793 1099 1833 stant
1113 1790 1243 1842 litore
1262 1800 1444 1845 puppes.
