1917 2942
386 336 467 383 '226
918 342 1176 382 AENEIDos
1623 331 1700 382 51:¹3

391 427 519 476 Troja
545 436 619 479 per
641 424 862 465 undosum
883 425 1327 478 peteretureiassibus
1347 426 1531 477 aequor?

394 498 521 537 Mene
535 494 667 545 fugis?
680 497 766 535 Per
781 503 862 544 ego
876 494 903 534 h
911 505 954 534 as
972 495 1186 545 lacrymas
1204 493 1487 549 dextramque
1501 499 1634 540 tuam,
1646 499 1685 537 te

397 562 605 614 (Quando
622 562 741 603 aliud
755 562 863 603 mihi
876 565 969 614 jam
986 563 1154 603 miserae
1171 563 1280 604 nihil
1295 563 1389 617 ipsa
1405 564 1599 617 reliqui),

392 635 477 673 Per
495 631 716 674 connubia
732 635 901 679 nostra,
917 642 996 684 per
1014 632 1212 686 inceptos
1233 631 1502 687 hymenae053

393 702 435 741 Si
453 701 567 743 bene
587 700 694 753 quid
713 701 768 741 de
794 703 834 741 te
853 700 1011 745 merui,
1036 699 1118 740 suit
1136 703 1214 741 aut
1233 701 1312 741 tihi
1333 701 1573 754 quidquam

391 770 532 813 Dulce
548 781 721 816 menni,
744 770 954 812 miserere
979 770 1137 811 domus
1157 769 1355 816 labentis,
1377 776 1422 812 et
1437 772 1580 816 istam.

392 842 498 886 Oro,
522 841 559 882 si
578 840 672 894 quis
690 838 835 882 adhuc
855 838 1059 892 precibus
1079 838 1217 889 loeus,
1235 848 1342 881 exue
1360 844 1570 888 mentem,

392 912 452 950 Te
471 913 656 963 propter
672 908 844 959 Libycae
864 912 1016 960 gentes
1035 908 1369 961 Nomadumque
1391 911 1562 960 tyranni

392 976 560 1025 Odere3
584 975 744 1018 insensi
762 976 881 1029 Tyrii
904 993 913 1016 :
936 980 978 1018 te
997 980 1182 1029 propter
1201 978 1392 1019 eundem

388 1046 637 1088 Exstinetus
658 1045 820 1099 pudor,
843 1050 900 1093 et,
922 1056 1009 1098 qua
1026 1048 1116 1088 sola
1134 1047 1279 1089 sidera
1299 1048 1490 1101 adibam,

391 1124 522 1162 Fama
537 1121 677 1173 prior.
696 1120 775 1161 Cui
798 1133 866 1164 nie
884 1119 1198 1161 moribundam
1214 1119 1377 1161 deseris
1397 1150 1406 1167 ‚
1424 1119 1611 1173 hospes?

393 1194 490 1231 Hoc
504 1191 647 1231 solum
664 1200 829 1232 nomen
849 1191 1056 1244 qnoniam
1077 1188 1133 1231 de
1149 1191 1339 1241 conjuge
1358 1191 1507 1231 restat.

395 1260 509 1311 Quid
530 1259 713 1301 moror?
736 1271 792 1301 an
807 1271 903 1302 mea
921 1259 1183 1313 Pygmalion
1200 1258 1306 1300 dum
1328 1260 1490 1300 nio-:nia
1506 1258 1636 1301 frater

393 1332 614 1378 Destruat,
637 1332 712 1371 aut
726 1336 899 1383 captam
919 1330 1052 1372 ducat
1070 1329 1267 1371 Gaetulus
1291 1327 1470 1369 lai-bas?

393 1398 555 1440 Saltem
577 1399 612 1439 si
631 1410 717 1452 qua
733 1396 843 1439 mihi
861 1400 914 1440 de
934 1401 979 1440 te
994 1403 1201 1452 suscepta
1220 1397 1369 1439 fuisset

397 1472 510 1511 Ante
531 1467 679 1520 sugam
697 1466 888 1516 soboles;
912 1468 945 1508 si
962 1467 1060 1520 quis
1078 1467 1188 1508 mihi
1207 1465 1418 1520 parvulus
1438 1466 1537 1507 aula

395 1536 585 1579 Luderet
604 1541 774 1583 AEneas‚
799 1537 874 1591 qui
893 1539 933 1578 te
951 1540 1100 1578 tamen
1121 1549 1199 1579 ore
1216 1535 1430 1582 referrem

396 1607 432 1645 N
438 1616 495 1646 on
516 1605 722 1659 equidem
737 1607 922 1647 omnino
937 1609 1066 1658 capta
1086 1617 1135 1648 ac
1154 1606 1326 1647 deserta
1343 1606 1516 1647 viderer
1536 1607 1544 1644 !
1566 1617 1582 1642 n

450 1675 640 1716 Dixerat.
658 1675 735 1716 Ille
755 1678 779 1716 J
786 1677 879 1719 ovis
900 1675 1079 1717 monitis
1096 1676 1279 1717 immota
1296 1675 1470 1716 tenebat

395 1743 601 1796 Lumina,
618 1747 661 1785 et
679 1744 891 1786 obnoxius
908 1755 1061 1787 curam
1075 1744 1155 1784 sul)
1171 1743 1306 1785 eorde
1324 1742 1568 1796 premebat.

395 1811 591 1854 Tandem
611 1825 752 1867 pauca
768 1813 929 1856 refert:
954 1828 970 1851 α
988 1816 1081 1866 Ego
1100 1815 1158 1860 te.
1177 1824 1273 1867 quae
1291 1812 1483 1867 plurima
1500 1809 1630 1852 fando

397 1886 667 1925 Enumerare
691 1884 820 1931 vales.
838 1894 1089 1936 nunquam,
1105 1884 1257 1935 regina
1272 1914 1281 1931 ‚
1303 1881 1475 1933 negabo

397 1952 694 1993 Promeritam
715 1964 724 1987 ε
742 1963 825 1994 nee
842 1962 910 1993 me
928 1951 1180 1994 meminisse
1205 1951 1372 2006 pigebit
1386 1951 1551 2001 Elissae‚

396 2022 510 2060 Dum
528 2030 699 2061 memor
714 2021 807 2073 ipse
827 2022 928 2068 mei,
948 2020 1057 2062 dum
1073 2021 1253 2075 spiritus
1268 2019 1348 2060 hos
1365 2020 1478 2073 regit
1501 2021 1639 2060 artus.

396 2091 486 2131 Pro
502 2101 550 2132 re
564 2101 707 2144 pauca
725 2091 897 2143 loquar.
913 2093 1062 2144 Neque
1078 2102 1159 2144 ego
1174 2091 1289 2132 hanc
1303 2089 1576 2131 abscondere
1590 2086 1709 2129 furto

395 2161 592 2213 Speravi.
610 2172 667 2202 ne
683 2161 815 2214 finge,
835 2159 984 2215 fugam
996 2177 1007 2210 ;
1026 2171 1108 2203 nec
1128 2160 1334 2212 conjugis
1355 2170 1551 2213 unquam
1744 2160 1746 2162 ’

396 2229 620 2271 Ρπεεῑθηάἰ
642 2229 791 2279 taedas,
810 2235 886 2273 aut
906 2231 1074 2279 haecjn
1092 2230 1260 2273 foedera
1278 2228 1395 2271 veni.

397 2300 466 2340 Me
481 2298 517 2338 si
535 2298 621 2339 fata
637 2310 745 2341 meus
765 2302 1023 2353 paterentur
1040 2299 1203 2343 ducere
1221 2299 1358 2340 vitam

400 2368 633 2421 Auspiciis,
657 2372 701 2411 et
715 2374 872 2425 sponte
891 2382 988 2412 mea
1005 2380 1277 2424 componere
1297 2378 1447 2417 curas;

399 2437 560 2480 Urbem
578 2440 812 2491 Trojanarn
830 2441 1024 2492 primum
1042 2440 1278 2492 dulcesque
1298 2445 1498 2478 meorum
