1917 2942
262 356 339 394 285
802 355 963 393 LIBER
993 354 1026 392 Ι.
1509 353 1560 390 67

263 447 343 484 Ter
359 445 488 484 Pater
501 443 740 483 exstructos
760 442 931 493 disjecit
947 440 1126 482 fulmine
1146 444 1335 482 montes.

264 513 456 565 Septima
471 515 569 566 post
589 511 804 554 decimam
825 511 944 558 felix,
969 514 1012 553 et
1031 522 1197 565 ponere
1217 512 1348 552 vitem
1369 543 1377 554 ,

265 583 318 620 Et
334 593 514 635 prensos
535 580 747 623 domitare
773 581 907 623 boves
924 612 933 627 ,
957 585 1000 622 et
1017 581 1113 623 licia
1130 581 1223 623 tel-<e

265 651 438 695 Addere
460 669 469 692 :
490 663 608 693 nona
627 650 739 704 fugae
759 653 926 698 melior,
949 653 1170 693 contraria
1189 650 1329 692 furtis.

315 723 450 764 Multa
467 722 574 766 adeo
590 723 734 775 gelida
754 722 909 764 melius
928 734 974 765 se
992 725 1122 764 nocte
1144 721 1326 769 dedere,

267 795 354 832 Ant
369 804 506 845 quum
524 794 614 835 sole
634 804 751 835 novo
776 798 911 835 terras
930 795 1088 834 irrorat
1102 796 1234 834 Eous.

264 863 401 903 Nocte
420 862 537 904 leves
555 863 709 904 melius
727 861 922 917 stipulae,
944 865 1076 903 nocte
1097 860 1218 903 arida
1231 865 1352 915 prata
1370 892 1377 906 ,

263 929 539 971 Tondentur:
569 932 720 973 noctes
738 933 884 973 lentus
906 942 997 971 non
1018 929 1166 972 delicit
1181 929 1355 970 humor.

263 1000 317 1040 Et
343 1000 523 1055 quidam
537 1011 656 1042 seros
670 1000 842 1042 hiberni
863 1000 915 1041 ad
928 1000 1104 1041 luminis
1118 1000 1242 1051 ignes

264 1071 525 1123 pervigilat,
547 1068 747 1122 ferroque
767 1068 879 1111 faces
898 1069 1085 1121 inspicat
1105 1073 1234 1110 acuto
1259 1086 1266 1108 :

262 1141 456 1185 Interea,
479 1139 663 1190 longum
684 1140 813 1180 cantu
832 1139 969 1179 solata
987 1138 1207 1183 laborem.

264 1210 435 1259 Arguto
453 1209 611 1259 conjux
624 1207 842 1260 percurrit
860 1207 1033 1260 pectine
1056 1208 1185 1253 telas;

266 1282 353 1319 Aut
370 1278 507 1320 dulcis
523 1279 653 1319 musti
671 1277 868 1319 Vulcano
885 1276 1093 1329 decoquit
1109 1276 1343 1318 humorem
1362 1307 1369 1321 ‚

264 1350 319 1387 Et
342 1347 464 1389 foliis.
478 1346 640 1389 undam
663 1346 820 1399 trepidi
837 1344 1067 1398 despumat
1082 1345 1225 1387 aheni.

266 1419 322 1457 At
339 1417 585 1459 rubicunda
598 1418 724 1459 Ceres
743 1415 890 1457 medio
904 1415 1143 1457 succiditur
1162 1418 1268 1456 [estu
1285 1432 1294 1462 ς

264 1489 320 1526 Et
339 1487 486 1528 medio
507 1487 637 1527 tostas
658 1488 763 1526 aestu
782 1484 885 1525 terit
903 1495 1001 1525 area
1015 1483 1175 1537 fruges.

263 1557 412 1599 Nudus
426 1568 499 1597 ara
516 1586 525 1603 ,
547 1567 640 1598 sere
662 1555 806 1596 nudus
826 1553 991 1595 :hiems
1014 1555 1170 1606 ignava
1187 1556 1361 1596 colono.

267 1626 517 1679 Frigoribus
534 1630 661 1678 parto
682 1624 883 1677 agricolae
897 1624 1155 1677 plerumque
1177 1622 1394 1668 fruuntur.

267 1697 501 1746 Mutuaque
522 1695 637 1736 inter
651 1706 696 1736 56
712 1694 799 1734 laeti
819 1694 1020 1735 convivia
1038 1694 1209 1734 curant.

268 1765 430 1806 Invitat
448 1765 630 1818 genialis
656 1764 793 1806 hiems
810 1794 819 1811 ,
843 1776 1057 1816 curasque
1073 1763 1252 1805 resolvit
1271 1780 1280 1802 :

268 1836 356 1876 Ceu
369 1846 528 1888 pressae
546 1847 681 1888 quum
704 1837 795 1886 jam
811 1836 991 1889 portum
1011 1835 1195 1885 tetigere
1215 1834 1397 1879 carinae,

269 1905 494 1957 Puppibus
515 1904 657 1946 etlaeti
677 1906 820 1946 nautae
841 1904 1089 1958 imposuere
1108 1912 1308 1944 coronas.

269 1973 353 2015 Sed
376 1979 520 2016 tamen
540 1976 583 2015 et
605 1986 792 2026 quernas
811 1972 995 2024 glandes
1015 1975 1111 2012 tum
1127 1972 1342 2024 stringere
1371 1974 1541 2023 tempus
1562 2003 1568 2015 .

270 2043 444 2084 Etlanri
462 2044 616 2085 baccas
634 2075 642 2091 ‚
669 2044 920 2093 oleamque,
942 2044 1213 2093 cruentaque
1228 2045 1370 2094 myrta
1392 2059 1401 2090 ;

267 2115 378 2153 Tum
399 2115 575 2165 gruibus
594 2112 767 2166 pedicas
789 2117 831 2155 et
848 2113 957 2154 retia
976 2123 1142 2166 ponere
1161 2112 1298 2154 cervis
1313 2143 1322 2158 ‚

270 2183 533 2234 Auritosque
553 2183 675 2235 sequi
691 2183 885 2236 leporem
910 2183 1005 2222 ‘tum
1023 2180 1157 2233 figere
1172 2179 1344 2228 damas,

267 2252 460 2305 stuppea
477 2252 753 2303 torquentem
773 2250 962 2292 Balearis
977 2250 1163 2293 verbera
1180 2248 1326 2291 tundae
1339 2280 1349 2297 ,

269 2324 414 2371 Quum
432 2322 507 2362 nix
524 2322 751 2372 altajacet‚
788 2321 972 2374 glaciem
993 2331 1130 2374 quum
1160 2319 1340 2361 flumina
1370 2318 1572 2360 trudunt.

323 2391 437 2440 Quid
460 2393 735 2444 tempestates
751 2391 947 2432 autumni
968 2394 1012 2432 et
1031 2391 1174 2433 sidera
1191 2390 1365 2433 dicam?

272 2464 413 2514 Atque
429 2494 437 2511 ,
455 2461 528 2503 ubi
545 2463 635 2512 jam
653 2461 916 2513 breviorque
934 2461 1024 2504 dies
1041 2464 1085 2504 et
1101 2461 1275 2503 mollior
1295 2464 1440 2507 aestas,
