1917 2942
160 332 226 369 424
647 332 811 372 LIBER
832 333 929 376 ΧΠ.
1383 339 1455 378 ⁴6¹

160 418 344 464 Excidit,
372 420 503 471 atque
517 427 644 459 novae
661 417 833 460 rediere
854 417 900 458 iu
920 419 1103 472 pristina
1119 420 1253 464 vires.

162 503 175 524 a
198 491 329 529 Arma
348 489 424 529 citi
442 491 675 541 properate
690 487 812 528 viro!
842 486 946 539 quid
964 489 1122 531 statis?
1142 505 1158 528 υ
1184 491 1299 544 Iapis

162 557 433 603 Conclamat,
455 558 716 612 primusque
736 559 906 599 animos
928 557 1136 601 adcendit
1156 561 1201 601 in
1220 560 1409 603 hostem.

166 644 179 663 «
198 629 293 667 Non
311 626 405 669 haec
420 627 624 668 humanis
642 626 824 679 opibus,
846 637 937 668 non
958 630 1053 670 arte
1074 631 1283 681 magistra
1300 662 1310 680 ‚

162 697 423 739 Proveniunt
440 711 450 735 z
469 707 612 748 neque
630 699 674 738 te
691 727 701 745 ‚
724 698 879 746 AEuea,
901 707 1000 739 mea
1020 698 1195 741 dextera
1215 703 1361 742 servat
1378 718 1386 748 ;

163 767 293 817 Major
315 767 405 818 agit
427 766 555 814 deus,
580 769 712 818 atque
735 777 865 819 opera
886 767 938 807 ad
959 769 1131 818 majora
1149 770 1351 813 remittit.
1371 785 1390 811 ι

162 834 229 876 Ille
245 834 396 876 avidus
416 846 575 889 pugnae
594 846 716 876 suras
736 835 975 877 incluserat
992 847 1100 878 auro

164 904 268 946 Hinc
286 908 415 958 atque
433 904 554 952 hinc,
577 904 757 958 oditque
776 915 947 953 moras,
970 905 1228 961 hastamque
1249 912 1469 952 coruscat.

163 978 392 1030 Postquam
410 976 565 1034 habilis
586 977 712 1019 lateri
726 977 891 1031 clipeus
910 978 1136 1033 loricaque
1154 984 1278 1033 tergo
1298 984 1386 1029 est,

163 1047 389 1087 Ascanium
407 1046 510 1088 fusis
526 1048 690 1088 circum
712 1047 1025 1099 complectitur
1041 1049 1174 1090 armis
1187 1081 1196 1096 ‚

161 1120 411 1170 Summaque
428 1128 507 1170 per
525 1116 696 1169 galeam
711 1116 907 1159 delibans
925 1120 1076 1160 oscula
1092 1118 1205 1161 fatur
1224 1135 1234 1160 z

168 1201 181 1222 «
202 1187 342 1233 Disce,
366 1197 489 1240 puer,
511 1186 720 1228 virtutem
741 1197 792 1228 ex
812 1197 906 1234 me,
929 1199 1174 1242 verumque
1193 1188 1415 1237 laborem;

164 1258 393 1298 Fortunam
415 1267 467 1297 ex
483 1256 594 1297 aliis.
618 1257 748 1298 Nune
762 1259 805 1298 te
822 1268 922 1299 mea
942 1256 1123 1300 dextera
1140 1258 1260 1301 bello

166 1324 392 1367 Defensum
411 1325 558 1373 dabit,
580 1327 624 1367 et
642 1336 802 1377 magna
816 1325 932 1368 inter
947 1328 1129 1380 praemia
1145 1325 1292 1369 ducet,

167 1397 220 1434 Tu
240 1394 382 1442 tacito,
405 1405 507 1436 mox
523 1406 660 1448 quum
678 1399 851 1437 matura
868 1395 1113 1438 adoleverit
1132 1401 1235 1439 aetas
1248 1427 1258 1443 ‚

169 1465 223 1504 Sis
240 1475 425 1511 memor,
448 1468 492 1507 et
510 1466 570 1513 te,
598 1465 747 1506 animo
766 1466 1039 1517 repetentem
1056 1465 1254 1519 exempla
1270 1467 1445 1507 tuorum
1463 1497 1471 1511 .

168 1533 212 1574 Et
229 1536 351 1587 pater
367 1537 544 1580 AEneas‚
570 1536 614 1575 et
634 1533 877 1575 avunculus
895 1534 1058 1577 excitet
1078 1537 1262 1576 Hector.
1288 1551 1305 1575 2

211 1606 311 1644 Haec
329 1603 403 1646 ubi
426 1602 543 1646 dicta
559 1602 702 1651 dedit,
724 1604 863 1655 portis
877 1615 971 1646 sese
987 1605 1142 1647 extulit
1160 1605 1317 1658 ingens
1333 1633 1343 1650 .

168 1672 307 1714 Telum
321 1673 515 1714 immane
533 1684 666 1713 manu
688 1673 887 1725 quatiens
905 1689 914 1712 z
937 1672 1071 1714 simul
1089 1674 1266 1726 agmine
1286 1673 1427 1717 denso

170 1744 440 1796 Antheusque
462 1741 799 1794 Mnestheusque
812 1744 973 1789 ruunt;
992 1743 1223 1797 omnisque
1238 1744 1403 1786 relictis

169 1812 298 1853 Turba
315 1809 410 1853 fluit
423 1810 590 1854 castris.
612 1813 721 1851 Tum
738 1821 856 1852 caeco
874 1811 1057 1863 pulvere
1077 1822 1259 1865 campus

171 1880 378 1926 Miscetur.
396 1880 611 1934 pulsuque
629 1879 791 1934 pedum
813 1880 964 1923 tremit
981 1882 1118 1923 excita
1140 1880 1284 1923 tellus.

170 1949 272 1992 Vidit
290 1953 344 1993 al)
368 1952 553 1993 adverso
573 1949 797 1993 venientes
818 1961 978 2003 aggere
998 1954 1192 2000 Turnus,

171 2018 315 2062 Videre
335 2019 516 2062 Ausonii
533 2036 543 2069 ;
566 2018 823 2072 gelidusque
843 2031 922 2073 per
941 2020 1029 2061 ima
1042 2019 1242 2062 cucurrit

172 2090 262 2130 Ossa
282 2093 460 2132 tremor.
480 2089 625 2131 Prima
646 2092 748 2131 ante
766 2099 920 2131 omnes
938 2092 965 2130 J
969 2093 1129 2131 uturna
1147 2090 1326 2131 Latinos

173 2161 333 2207 Audiit,
355 2160 650 2213 adgnovitque
670 2170 852 2208 sonum,
876 2162 921 2201 et
938 2157 1197 2203 tremefacta
1215 2157 1394 2212 refugit.

173 2226 236 2271 Ille
254 2230 372 2273 volat
390 2262 399 2280 ,
424 2240 668 2283 campoque
688 2234 832 2271 atrum
853 2230 967 2283 rapit
986 2241 1144 2283 agmen
1166 2234 1336 2285 aperto.

175 2298 327 2346 Qualis.
351 2300 423 2341 ubi
446 2299 502 2342 ad
520 2304 655 2341 terras
672 2298 859 2352 abrupto
874 2298 1018 2342 sidere
1032 2300 1208 2342 nimbus

176 2365 203 2404 lt
217 2378 330 2411 mare
346 2379 425 2422 per
442 2369 638 2411 medium
656 2385 666 2408 ι
684 2368 853 2410 miseris
869 2400 878 2416 ,
893 2368 981 2410 heu
999 2372 1008 2409 ἱ
1027 2369 1209 2423 praescia
1227 2370 1356 2424 longe

178 2435 432 2481 llorrescunt
446 2437 582 2481 corda
599 2438 799 2492 agricolis
814 2454 823 2487 ;
844 2437 967 2481 dabit
981 2438 1055 2482 ille
1078 2440 1228 2482 ruinas
