1917 2942
189 336 258 373 456
702 335 862 374 LIBER
894 335 982 373 Vll.
1407 333 1481 373 3¹7

233 422 302 462 Sic
320 418 449 462 effata
468 419 770 471 sacemjuveni
787 419 997 471 conjecit,
1015 420 1058 461 et
1078 422 1173 459 atro

191 489 365 531 Lumine
383 489 598 533 fumantes
618 488 711 531 fixit
722 490 801 531 sub
820 494 1000 543 pectore
1016 487 1165 530 taedas.

189 560 271 600 Olli
290 570 495 601 somnum
515 560 671 611 ingens
690 560 859 612 rumpit
873 570 1021 611 pavor.
1047 567 1230 611 ossaque
1245 560 1289 599 et
1305 563 1421 599 arius

191 627 415 671 Perfundit
431 632 525 670 toto
543 630 785 683 proruptus
801 639 989 681 corpore
1005 627 1155 670 sudor.

190 704 318 741 Arma
334 711 481 742 amens
501 700 648 742 fremit
665 716 675 749 3
695 711 813 742 arma
827 702 928 742 toro
945 702 1157 754 tectisque
1176 700 1378 754 requirit.

189 770 314 811 Saevit
328 781 451 811 amor
471 769 588 819 ferri,
605 772 648 813 et
665 770 876 813 scelerata
895 771 1064 812 insania
1077 770 1179 812 belli
1195 786 1205 818 ;

190 841 252 880 Ira
270 850 399 892 super
421 856 430 880 ι
451 849 614 892 magno
631 840 762 882 veluti
780 852 917 894 quum
933 838 1108 881 flamma
1120 851 1278 883 sonore

193 908 336 959 virgea
354 908 604 960 suggeritur
620 909 751 950 costis
770 909 975 950 undantis
992 908 1115 956 aeni,

190 977 495 1030 Exsultantque
513 980 618 1019 aestu
641 978 814 1027 latices;
847 978 951 1020 furit
968 978 1086 1020 intus
1102 981 1231 1032 aquai

189 1045 391 1086 Fumidus
406 1048 534 1098 atque
551 1046 640 1089 alte
657 1048 821 1100 spumis
841 1047 1049 1089 exuberat
1069 1048 1230 1096 amnis;

189 1116 269 1156 Nec
283 1115 371 1166 jam
393 1126 437 1157 se
454 1115 571 1168 capit
585 1114 727 1163 unda;
749 1115 869 1156 volat
886 1125 1025 1168 vapor
1043 1117 1136 1157 ater
1155 1115 1208 1157 ad
1225 1126 1366 1157 auras.

235 1186 351 1236 Ergo
368 1183 453 1226 iter
467 1184 521 1224 ad
541 1195 687 1235 regem
703 1183 873 1236 polluta
895 1194 1004 1237 pace
1024 1184 1228 1224 Latinum

189 1252 340 1294 Indicit
355 1254 509 1308 primis
521 1256 734 1306 juvenum
756 1284 765 1300 ,
797 1258 839 1294 et
854 1252 979 1303 jubet
995 1263 1115 1294 arma
1133 1255 1274 1306 parari
1293 1286 1301 1298 .

189 1323 537 1371 Tutariltaliam,
560 1323 793 1365 detrudere
810 1322 970 1364 finibus
991 1322 1162 1366 hostem
1186 1340 1195 1364 :

190 1395 237 1434 Se
255 1394 354 1435 satis
369 1393 579 1435 ambobus
605 1392 872 1446 Teucrisque
891 1392 1041 1434 venire
1062 1393 1331 1446 Latinisque.

193 1464 288 1504 Haec
305 1464 379 1505 ubi
397 1462 513 1504 dicta
529 1462 673 1510 dedit,
696 1462 905 1515 divosque
922 1463 968 1503 in
986 1464 1089 1503 vota
1104 1462 1302 1510 vocavi&

190 1532 389 1572 Certatim
402 1542 495 1573 sese
516 1530 665 1572 Rutuli
683 1531 969 1573 exhortantur
990 1533 1035 1573 in
1057 1542 1194 1572 arma.

193 1601 314 1640 Hunc
330 1598 462 1641 decus
482 1599 708 1652 egregium
729 1598 880 1641 formae
906 1601 1058 1641 movet
1073 1602 1204 1653 atque
1217 1601 1436 1651 juventae;

193 1670 314 1710 Hunc
334 1669 446 1710 atavi
465 1679 611 1721 reges;
636 1668 757 1711 hunc
773 1669 907 1710 claris
926 1669 1103 1710 dextera
1125 1668 1264 1711 sactis,

239 1742 354 1781 Dum
372 1742 544 1781 Turnus
562 1739 745 1782 Rutulos
760 1740 918 1781 animis
938 1739 1176 1782 audacibus
1192 1740 1342 1794 implet
1362 1775 1368 1787 ‚

193 1807 355 1851 Allecto
375 1810 421 1850 in
439 1812 631 1851 Teucros
659 1810 819 1862 Stygiis
839 1821 884 1852 se
903 1809 1097 1852 concitat
1119 1809 1196 1852 alis
1213 1826 1224 1858 ς

194 1881 292 1921 Arte
310 1890 452 1928 nova,
474 1880 697 1933 speculata
718 1880 863 1921 locum
881 1911 888 1924 ,
911 1888 998 1932 quo
1016 1878 1146 1920 litore
1163 1878 1346 1932 pulcher

193 1948 357 1991 Insidiis
370 1961 587 2003 cursuque
610 1949 721 1992 seras
741 1950 931 2002 agitabat
947 1950 1087 1997 liilus;

195 2019 270 2060 Hic
289 2019 477 2061 subitam
493 2019 673 2062 ciuibus
693 2019 856 2061 rabiem
873 2018 1056 2070 Cocytia
1070 2018 1196 2070 virgo

195 2088 350 2141 objicit
367 2094 549 2138 ,etnoto
562 2102 690 2133 nares
710 2089 931 2143 contingit
950 2088 1110 2136 odore.

195 2160 245 2198 Ut
263 2170 443 2201 cervum
465 2160 670 2202 ardentes
688 2162 870 2213 agerent
891 2170 1013 2212 :quae
1034 2159 1178 2212 prima
1197 2159 1399 2200 laborum

193 2231 324 2272 Causa
341 2229 443 2278 fuit,
464 2230 669 2283 belloque
685 2230 855 2271 animos
873 2228 1080 2270 adcendit
1097 2231 1306 2281 agrestes.

242 2300 402 2342 Cervus
418 2302 510 2341 erat
534 2298 675 2340 forma
690 2296 917 2351 praestanti
936 2301 981 2340 et
996 2296 1205 2340 cornibus
1220 2298 1398 2349 ingens.

194 2368 414 2418 Tyrrhidae
430 2369 555 2423 pueri
572 2380 703 2422 quem
715 2369 866 2410 matris
888 2368 942 2409 ab
959 2368 1092 2410 ubere
1112 2365 1290 2422 raptum

194 2438 427 2484 Nun-ibant,
448 2438 757 2492 Tyrrheusqne
778 2442 915 2493 pater,
936 2436 1006 2479 cni
1024 2437 1138 2490 regia
1155 2439 1310 2491 parcnt
