1917 2942
1618 352 1638 389 lv

1641 353 1665 390 (αἱ

359 347 433 385 180
882 347 1137 386 AENEIDOS
1590 353 1623 389 δ’

356 435 455 473 Huc
475 430 652 473 tandem
669 430 866 473 concede
885 447 896 472 ε
917 432 1013 474 haec
1029 443 1104 474 ara
1122 433 1316 475 tuebitur
1334 446 1487 477 omues
1508 452 1515 474 :

357 504 446 544 Aut
460 503 650 544 moriere
665 503 809 543 simul.
831 516 847 539 »
865 503 935 544 Sic
950 513 1028 544 ore
1049 501 1180 545 effata
1198 534 1207 551 ,
1226 505 1395 558 recepit

355 569 426 611 Ad
439 581 532 613 sese
546 600 556 617 ,
579 572 624 612 et
645 581 769 613 sacra
788 572 1040 622 longaevum
1061 572 1106 612 in
1123 570 1228 614 sede
1247 572 1424 615 locavit.

405 643 521 683 Ecce
541 642 688 683 autem
708 639 880 693 elapsus
899 639 1057 693 Pyrrhi
1074 640 1128 683 de
1144 641 1264 684 caede
1285 642 1465 692 Polites,

354 711 475 750 Unus
487 711 696 750 natorum
718 708 906 756 Priami,
927 696 1007 763 per
1025 711 1109 752 tela
1127 741 1136 758 ,
1155 721 1236 765 per
1256 709 1400 752 hostes
1415 741 1425 758 ‚

353 781 605 822 Porticibus
624 780 768 832 longis
787 780 923 831 sugit,
955 782 1000 821 et
1018 791 1157 822 vacua
1176 780 1284 822 atria
1300 781 1455 823 lustrat

350 848 561 890 Saucius·
582 849 708 890 illum
728 847 887 889 ardens
907 847 1069 890 infesto
1084 849 1267 891 vulnere
1286 848 1481 900 Pyrrhus

351 917 616 970 Insequitur,
630 918 722 969 jam
732 917 914 969 jamque
929 927 1065 957 manu
1084 918 1231 965 tenet,
1228 920 1301 978 et
1316 918 1480 971 premit
1498 917 1636 960 basta

352 988 409 1026 Ut
424 986 604 1028 tandem
621 988 723 1027 ante
740 986 891 1027 oculos
906 985 1045 1027 evasit
1062 989 1108 1027 et
1121 958 1298 1045 ᾳῘίἜα-ρᾶι
1302 989 1483 1034 entum,

349 1053 568 1100 Concidit,
593 1064 642 1096 ac
657 1053 797 1095 multo
818 1053 952 1095 vitam
968 1065 1070 1096 cum
1086 1054 1300 1108 sanguine
1311 1054 1440 1097 fudit.

350 1124 433 1165 Hic
448 1123 649 1165 Priamus
663 1154 673 1172 ,
697 1134 964 1176 quamquam
983 1123 1030 1164 in
1045 1123 1191 1166 media
1205 1127 1297 1176 jam
1313 1130 1456 1168 morte
1470 1128 1658 1173 tenetur,

349 1194 450 1234 Non
466 1195 615 1234 tamen
635 1192 846 1234 abstinuit
864 1224 873 1240 ‚
892 1204 977 1236 nec
992 1194 1092 1236 voci
1106 1195 1270 1247 iraeque
1289 1197 1489 1249 pepercit
1507 1212 1517 1236 ι

350 1276 366 1298 α
394 1264 454 1302 At
468 1262 544 1304 tibi
570 1274 650 1315 pro
671 1263 856 1308 scelere,
880 1264 1117 1311 exclamat,
1139 1276 1221 1318 pro
1240 1264 1396 1306 talibus
1412 1267 1525 1308 ausis
1544 1299 1553 1314 ,

349 1332 399 1372 Di
420 1331 486 1382 (si
504 1342 589 1386 qua
604 1335 671 1374 est
689 1332 803 1375 coelo
816 1331 954 1386 pietas
974 1364 982 1380 ,
1006 1345 1103 1387 quae
1123 1335 1224 1376 talia
1245 1336 1398 1386 curet)

348 1400 609 1443 Persolvant
625 1404 769 1454 grates
787 1401 942 1453 dignas
955 1433 965 1449 ,
988 1406 1033 1444 et
1062 1404 1242 1457 praemia
1257 1403 1447 1446 reddant

347 1471 503 1514 Debita
518 1487 528 1519 ς
550 1472 625 1523 qui
645 1472 738 1513 nati
758 1484 908 1514 coram
922 1484 994 1515 me
1010 1486 1191 1517 cernere
1207 1474 1345 1516 letum

346 1541 528 1587 Fecisti,
553 1543 597 1582 et
615 1540 780 1595 patrios
798 1540 971 1584 foedasti
987 1540 1141 1584 funere
1160 1543 1330 1585 vultus!

345 1611 406 1649 At
419 1619 512 1650 non
532 1608 606 1649 ille
625 1639 634 1655 ‚
657 1610 801 1650 satum
820 1621 907 1662 quo
927 1613 969 1652 te
987 1613 1188 1654 mentiris
1201 1644 1210 1660 ‚
1235 1613 1430 1656 Achilles

343 1680 460 1721 Talis
477 1681 525 1721 in
540 1679 666 1721 hoste
687 1679 769 1721 fuit
784 1681 964 1723 Priamo
980 1696 989 1729 ;
1012 1682 1090 1725 sed
1105 1683 1207 1733 jura
1226 1682 1446 1737 fidemque

342 1751 559 1805 supplicis
577 1750 776 1799 erubuit,
801 1761 1046 1811 corpusque
1066 1763 1282 1805 exsangue
1299 1753 1501 1807 sepulcro

338 1820 843 1867 ReddiditHectoreum.
875 1832 1034 1874 meque
1048 1822 1092 1863 in
1113 1833 1213 1866 mea
1230 1834 1367 1876 regna
1382 1824 1565 1867 remisit.
1583 1840 1600 1861 υ

391 1893 463 1934 Sic
479 1890 591 1933 fatus
608 1891 770 1939 senior,
789 1893 1014 1944 telumque
1032 1892 1207 1935 imbelle
1224 1893 1319 1936 siue
1335 1895 1424 1936 ictu

338 1963 564 2013 Conjecit;
583 1972 718 2003 rauco
733 1962 854 2016 quod
872 1963 1076 2017 protinus
1096 1975 1180 2006 aere
1200 1965 1440 2017 repulsum,

338 2037 393 2075 Et
406 2044 581 2075 summo
600 2033 727 2087 clipei
745 2032 1044 2086 nequidquam
1059 2033 1254 2075 umbone
1270 2034 1496 2087 pependit.

336 2105 417 2145 Cui
433 2103 652 2156 Pyrrhus:
679 2118 695 2140 a
715 2103 895 2145 Rei'eres
908 2114 1012 2156 ergo
1029 2103 1137 2152 haec,
1157 2107 1201 2146 et
1214 2103 1396 2145 nuntius
1415 2103 1496 2145 ibis

336 2170 502 2215 Pelidae
519 2170 726 2224 genitori.
750 2171 816 2213 Illi
834 2181 934 2214 mea
959 2171 1099 2213 tristia
1114 2169 1228 2214 facta
1245 2203 1255 2218 ,

335 2245 703 2296 Degeneremque
720 2242 1067 2296 Neoptolemum
1087 2254 1266 2285 narrare
1285 2246 1527 2285 memento.

333 2312 462 2351 Nunc
481 2321 671 2352 morere.
692 2325 707 2346 »2
724 2312 822 2352 Hoc
838 2309 1012 2358 dicens,
1034 2312 1188 2353 altaria
1206 2310 1262 2353 ad
1277 2311 1369 2364 ipsa
1388 2312 1648 2354 trementem

331 2381 505 2429 Traxit,
526 2384 571 2422 et
585 2379 631 2421 in
649 2380 790 2422 multo
806 2382 1049 2434 lapsantem
1064 2381 1277 2435 sanguine
1295 2380 1409 2428 nati,

330 2450 639 2505 Implicuitque
654 2462 828 2494 comam
845 2453 955 2494 laeva
970 2480 980 2500 ,
999 2451 1238 2506 dextraque
1255 2462 1489 2494 coruscum

1460 1580 1525 1602 6¹*
