1917 2942
320 345 372 386 33
822 344 1120 383 BUGOLICA.
1603 343 1624 380 la

375 431 536 473 Ultima
551 431 715 473 Cumaei
735 430 859 471 venit
871 430 965 480 jam
983 430 1191 471 carminis
1211 432 1314 471 aetas
1336 445 1345 468 z

320 504 503 553 Magnus
519 499 572 540 ab
589 498 764 551 integro
778 499 1010 540 saeclorum
1022 497 1219 540 nascitur
1235 498 1360 540 ordo.

318 573 343 609 J
348 580 420 612 am
438 568 553 611 redit
568 570 612 612 et
628 568 770 621 Virgo,
790 567 981 610 redeunt
998 567 1201 609 Saturnia
1218 578 1353 620 regna
1373 583 1383 607 :

316 643 416 681 sain
434 650 549 681 nova
567 637 926 693 progeniescoelo
945 637 1190 679 demittitur
1210 637 1313 680 alto.

371 712 431 750 Tu
452 707 587 750 modo
604 708 804 751 nascenti
821 718 983 762 puero,
1005 718 1094 760 quo
1109 704 1249 750 ferrea
1266 708 1455 762 primum

322 779 526 829 Desinet,
550 788 600 819 ac
621 778 716 820 toto
735 779 885 831 surget
906 788 1012 830 gens
1028 787 1159 819 aurea
1173 776 1340 818 mundo
1354 808 1365 828 ,

319 851 444 889 Casta
464 847 560 889 fave
577 849 745 890 Lucina
765 863 775 887 ι
794 851 894 889 tuus
907 849 1002 898 jam
1017 847 1366 900 regnatApollo.

373 920 517 971 Teque
533 917 645 959 adeo
665 917 797 959 decus
816 916 903 959 hoc
918 916 998 959 aevi
1019 948 1028 965 ‚
1046 918 1090 958 te
1110 916 1291 958 consule
1307 947 1318 966 ,
1336 915 1468 957 inibit
1485 947 1493 958 ,

321 985 466 1027 Pollio
484 1002 494 1032 ς
516 987 560 1027 et
574 986 790 1039 incipient
804 985 955 1037 magni
976 985 1219 1038 procedere
1231 996 1418 1026 menses.

318 1059 374 1096 Te
395 1053 507 1097 duce
522 1087 532 1103 ,
550 1056 585 1096 si
603 1066 689 1108 qua
703 1056 886 1097 manent
900 1055 1072 1097 sceleris
1090 1055 1275 1106 vestigia
1292 1054 1454 1099 nostri.

315 1124 450 1166 Irrita
473 1129 688 1178 perpetua
703 1125 876 1167 solvent
891 1123 1129 1167 formidine
1144 1127 1294 1166 terras.

314 1192 394 1235 Ille
412 1195 554 1235 Deum
572 1194 709 1236 vitam
731 1193 943 1247 accipiet,
966 1194 1175 1246 Divisque
1192 1193 1362 1235 videbit

317 1264 562 1305 permixtos
585 1263 743 1304 heroas
757 1293 767 1313 ‚
787 1267 831 1304 et
849 1262 940 1315 ipse
956 1262 1304 1310 videbiturilli53

320 1334 619 1385 pacatumque
635 1333 760 1384 reget
775 1332 926 1386 patriis
943 1331 1181 1374 virtutibus
1197 1333 1366 1374 orbem.

370 1404 428 1441 At
445 1401 524 1443 tibi
542 1401 686 1455 prima
703 1432 712 1452 ,
732 1412 866 1455 puer,
888 1401 1013 1443 nullo
1030 1404 1294 1444 munuscula
1309 1401 1429 1444 cultu
1444 1432 1454 1447 ‚

316 1472 528 1512 Errantes
553 1470 741 1512 hederas
767 1469 926 1523 passim
944 1482 1048 1513 cuni
1061 1472 1246 1513 baccare
1265 1470 1388 1513 tellus
1407 1501 1419 1517 ,

316 1540 535 1593 Mixtaque
549 1539 715 1582 ridenti
735 1541 950 1583 colocasia
972 1539 1127 1582 fundet
1146 1539 1351 1581 acantho.

316 1611 429 1662 Ipsae
444 1610 558 1652 lacte
579 1609 762 1651 domum
780 1608 978 1652 referent
997 1610 1185 1651 distenta
1204 1609 1383 1664 capellae

307 1680 487 1728 *Ubera3
507 1691 592 1722 nec
610 1690 792 1732 magnos
813 1681 1015 1721 metuent
1031 1680 1231 1721 armenta
1245 1680 1409 1720 leones.

302 1751 416 1803 *Ipsa
435 1750 516 1793 tibi
531 1749 716 1793 blandos
733 1749 921 1792 fundent
935 1750 1154 1793 cunabula
1167 1748 1316 1792 flores.

321 1821 507 1863 Occidet
526 1822 571 1862 et
585 1832 764 1876 serpens
779 1853 788 1870 ‚
808 1822 852 1863 et
866 1819 994 1862 fallax
1006 1820 1143 1871 herba
1156 1820 1319 1862 veneni

328 1891 516 1933 Occidet
540 1903 551 1931 5
576 1891 808 1944 Assyrium
822 1892 956 1941 vulgo
972 1892 1177 1933 nascetur
1197 1900 1438 1932 amomum.

373 1964 453 2009 At,
476 1960 607 2004 simul
620 1961 809 2005 heroum
820 1961 970 2003 laudes
986 1963 1030 2002 et
1048 1960 1159 2002 facta
1170 1959 1365 2013 parentis

320 2033 421 2071 Jam
441 2031 585 2085 legere
602 2062 613 2082 ,
634 2033 678 2073 et
699 2042 795 2085 quae
811 2030 867 2072 sit
883 2029 1049 2084 poteris
1069 2040 1338 2082 cognoscere
1354 2030 1494 2072 virtus
1512 2046 1522 2076 ;

323 2100 441 2142 Molli
461 2101 672 2155 paulatim
685 2100 890 2144 flavescet
910 2112 1089 2155 campus
1105 2101 1256 2149 arista,

320 2169 593 2222 incultisque
607 2170 770 2212 rubens
792 2170 1003 2223 pendebit
1022 2170 1216 2212 sentibus
1231 2181 1317 2211 uva·
1329 2202 1338 2216 ‚

325 2241 378 2278 Et
394 2238 514 2280 durae
534 2250 721 2292 quercus
737 2239 959 2281 sudabunt
977 2239 1149 2282 roscida
1167 2240 1311 2282 mella.

324 2310 470 2350 Pauca
490 2309 636 2350 tamen
655 2309 869 2350 suberunt
886 2309 1039 2364 priscae
1056 2309 1238 2361 vestigia
1259 2308 1443 2356 fraudis,

324 2379 434 2424 Quae
461 2378 631 2418 tent-are
650 2376 820 2419 Thetim
839 2378 1026 2426 ratibus,
1054 2388 1149 2430 quaa
1169 2377 1347 2430 cingere
1362 2379 1500 2418 inuris

326 2443 522 2496 oppida,
541 2456 637 2498 quae
651 2446 835 2495 jubeant
852 2446 998 2489 telluri
1019 2444 1238 2489 infindere
1256 2447 1416 2488 sulcos,
