1917 2942
308 367 361 405 80
803 366 1130 407 GEORGICON
1542 368 1616 407 158

300 450 525 492 Laudibus
546 450 681 492 Ital-ize
697 453 893 498 certent;
910 461 1004 492 non
1022 453 1203 497 Baetra,
1225 461 1368 504 neque
1396 451 1518 498 Indi,

301 523 498 574 Totaque
518 517 709 561 turiferis
727 522 823 561 Pan
842 519 951 562 haia
981 520 1159 574 pinguis
1179 521 1335 562 arenis.

304 595 409 633 I-Iaec
426 594 523 634 loca
541 602 635 633 non
655 591 766 632 tauri
783 590 998 645 spirantes
1015 590 1194 633 naribus
1205 591 1356 643 ignem

308 662 557 707 luvel-tere,
582 660 685 702 satis
707 660 913 702 immanis
928 659 1133 703 dentibus
1150 659 1304 713 hydri3

310 731 347 770 N
353 740 403 772 ec
426 731 560 782 galeis
584 730 818 783 densisque
836 731 984 772 virum
1002 741 1126 782 seges
1147 729 1323 772 horruit
1342 730 1473 774 hastis
1492 749 1502 772 ι

308 800 394 841 Sed
414 800 606 852 gravidae
626 798 797 852 fruges,
816 803 860 842 et
878 800 1041 842 Bacchi
1063 802 1264 842 Massicus
1289 801 1452 843 humor

308 871 579 924 Implevere3
600 874 753 913 tenent
771 871 880 913 oleae
895 872 1179 924 armentaque
1197 872 1309 913 laeta.

312 940 429 981 I-linc
442 940 633 982 bellator
648 951 784 992 equus
801 950 958 993 campo
976 950 1070 982 sese
1089 940 1250 981 arduus
1264 938 1400 982 infert
1421 955 1431 978 :

316 1009 434 1051 Ilinc
449 1009 556 1057 albi,
578 1010 823 1057 Clitumne‚
844 1020 999 1062 greges
1017 1042 1025 1057 ‚
1049 1013 1091 1051 et
1110 1010 1302 1052 maxima
1321 1012 1471 1052 taurus

314 1079 524 1126 Victima,
549 1091 664 1132 saepe
684 1082 762 1121 tuo
780 1077 946 1133 perfusi
966 1076 1148 1120 flumine
1162 1089 1308 1126 sacro,

313 1152 537 1191 Romanos
557 1149 612 1191 ad
634 1149 799 1203 templa
818 1147 951 1190 deum
965 1147 1127 1191 duxere
1147 1148 1408 1202 triumphos.

316 1218 399 1260 Hic
415 1229 495 1260 ver
509 1217 739 1260 adsiduum
756 1251 764 1265 ‚
786 1222 915 1271 atque
931 1218 1083 1260 alienis
1102 1218 1324 1261 mensibus
1345 1225 1494 1261 aestas:

316 1289 389 1330 Bis
408 1287 601 1341 gravidae
620 1288 837 1342 pecudes,
853 1289 919 1330 bis
938 1289 1079 1342 pomis
1098 1289 1216 1330 utilis
1236 1288 1381 1331 arbor.

318 1362 379 1400 At
396 1358 560 1400 rabidae
584 1359 719 1411 tigres
740 1358 920 1407 absunt,
944 1361 987 1401 et
1005 1369 1120 1400 saeva
1138 1359 1318 1401 leonum

318 1428 495 1469 Semina
510 1445 520 1475 ;
540 1438 623 1470 nec
639 1429 822 1470 miseros
841 1426 999 1469 fallunt
1014 1428 1190 1470 aconita
1204 1428 1399 1481 legentes
1413 1445 1423 1477 ;

321 1499 412 1539 Nec
433 1499 549 1551 rapit
565 1498 806 1539 immensos
822 1498 949 1539 orbes
968 1509 1047 1551 per
1063 1497 1276 1548 humum,
1296 1509 1439 1549 neque
1461 1499 1588 1539 tanto

318 1569 562 1619 Squameus
581 1566 628 1608 in
649 1564 810 1620 spiram
830 1568 974 1608 tractu
993 1578 1039 1609 se
1057 1567 1227 1619 colligit
1245 1566 1413 1619 anguis.

322 1635 448 1678 Adde
467 1639 530 1677 lot
548 1636 746 1689 egregias
763 1637 916 1685 urbes,
938 1646 1213 1690 operumque
1233 1636 1451 1684 laborem,

322 1707 408 1747 Tot
428 1710 636 1757 congesta
655 1717 791 1747 manu
809 1707 1042 1761 praeruptis
1060 1706 1222 1760 oppida
1241 1706 1374 1755 saxis,

325 1773 616 1828 Fluminaque
632 1776 836 1829 antiquos
856 1776 1206 1818 subterlabentia
1220 1787 1388 1818 muros.

325 1849 397 1885 An
412 1856 551 1896 mare,
567 1845 687 1899 quod
706 1857 854 1897 supra,
868 1856 1124 1892 memorem,
1141 1845 1346 1899 quodque
1358 1846 1498 1887 adluit
1510 1844 1647 1887 infra?

328 1916 591 1958 Annelacus
612 1918 760 1958 tantos
774 1917 796 1956 ἓ
821 1920 887 1964 te,
915 1916 1014 1957 Lari
1035 1915 1221 1957 maxime
1237 1948 1246 1964 ‚
1261 1919 1394 1969 teque

326 1984 556 2027 Fluctibus
576 1988 620 2028 et
640 1984 815 2029 fremitu
834 1984 1076 2039 adsurgens
1090 2017 1103 2037 ,
1124 1988 1319 2033 Benace,
1340 1984 1540 2027 marino?

330 2059 402 2095 An
420 2066 666 2099 memorem
686 2061 863 2111 portus,
891 2057 1175 2109 Lucrinoque
1194 2055 1342 2097 addita
1361 2057 1550 2098 claustra
1567 2088 1577 2104 ‚

331 2129 476 2178 Atque
491 2125 767 2179 indignatum
784 2126 954 2178 magnis
973 2124 1231 2167 stridoribus
1253 2135 1415 2179 aequor,

327 2197 450 2238 Julia
471 2209 558 2250 qua
574 2203 716 2252 ponto
736 2200 870 2250 longe
887 2200 1017 2239 sonat
1035 2196 1156 2238 unda
1174 2195 1344 2243 refuso,

326 2267 668 2322 Tyrrhenusque
689 2266 810 2312 fretis
828 2267 1081 2309 immittimr
1099 2268 1227 2308 aestus
1245 2266 1432 2309 Avernis
1447 2266 1467 2306 ,⁹

333 2341 439 2380 I-Iaec
456 2339 611 2381 eadem
631 2339 803 2391 argenti
819 2338 940 2380 rivos
961 2338 1145 2390 aerisqne
1167 2336 1346 2379 metalla

336 2407 542 2450 Ostendit
555 2408 678 2451 venis
692 2438 702 2456 ‚
723 2413 856 2461 atque
872 2418 979 2451 auro
998 2407 1190 2461 plurima
1208 2404 1264 2447 flu
1273 2407 1345 2448 xit.

336 2481 442 2519 I-Iaec
457 2488 596 2531 genus
613 2488 716 2520 acre
731 2479 901 2525 virum,
924 2480 1112 2527 Marsos,
1131 2477 1381 2531 pubemque
1410 2477 1624 2520 Sabellam
1638 2507 1648 2522 ,
1689 2524 1692 2527 ,
