1917 2942
301 329 359 368 62
793 330 1129 371 GEORGICON
1542 335 1613 375 '053

303 416 362 454 Ut
378 415 520 455 varias
538 425 641 456 usus
657 413 913 456 meditando
937 416 1197 460 extunderet
1211 422 1324 459 artes

303 485 520 526 Paulatim
535 515 544 530 ,
569 487 613 526 et
630 485 761 527 sulcis
778 484 986 528 frumenti
1008 491 1226 540 quaereret
1242 487 1422 530 herbam
1447 507 1457 537 ς

304 555 362 594 Ut
379 554 511 596 silicis
529 554 654 595 venis
671 554 915 597 abstrusum
936 557 1172 599 excuderet
1188 558 1350 612 ignem.

304 626 428 664 Tunc
443 625 566 665 alnos
580 625 775 677 primum
796 622 918 666 fluvii
935 636 1110 668 sensere
1127 629 1297 669 cavatas
1316 644 1325 667 ι

303 694 457 734 Navita
475 694 571 734 ‘tum
589 693 723 735 stellis
741 704 948 734 ,numeros
966 697 1009 736 et
1027 695 1206 736 nomina
1226 694 1349 742 iecit,

304 762 528 810 Pleiadas,
548 762 750 816 Hyadas,
774 765 1024 817 claramque
1044 766 1259 817 Lycaonis
1281 768 1468 808 Arcton.

303 836 411 873 Tum
431 832 596 886 laqueis
614 835 790 886 captare
809 830 918 875 feras
935 864 944 880 ‚
968 836 1012 875 et
1032 834 1181 876 fallere
1197 836 1319 877 visco
1338 867 1346 882 ,

303 902 562 948 Inventum,
586 904 631 944 et
647 913 831 955 magnos
851 902 1031 944 canibus
1049 903 1322 946 circumdare
1340 906 1488 946 saltus.

303 972 448 1023 Atque
467 972 573 1012 alius
591 972 729 1013 latum
752 970 886 1013 funda
908 973 998 1022 jam
1016 972 1219 1014 verberat
1240 985 1435 1020 amnem,

304 1041 406 1081 Alta
421 1043 574 1094 petens
591 1057 601 1089 ;
624 1042 866 1094 pelagoque
888 1041 996 1082 alius
1016 1041 1147 1083 trahit
1162 1042 1345 1085 humida
1362 1045 1464 1086 lina.

303 1113 416 1151 Tum
437 1108 540 1152 ferri
555 1112 689 1163 rigor,
710 1114 842 1164 atque
861 1113 1027 1163 argutae
1048 1112 1211 1154 lamina
1232 1124 1384 1160 serrae,

303 1183 412 1223 Nam
426 1181 559 1235 primi
579 1181 729 1223 cuneis
743 1180 1006 1223 scindebant
1025 1181 1157 1224 fissile
1180 1183 1350 1236 lignum
1365 1200 1374 1231 ς

302 1255 411 1293 Tum
425 1251 556 1292 varias
570 1261 734 1293 venere
746 1252 860 1292 artes
878 1267 887 1290 ε
909 1250 1035 1292 labor
1054 1252 1202 1293 omnia
1218 1253 1327 1294 vicit

304 1319 536 1373 Improbus
553 1350 562 1366 ‚
583 1321 627 1361 et
643 1319 764 1360 duris
780 1330 942 1371 urgens
963 1321 1010 1360 in
1029 1321 1161 1362 rebus
1180 1322 1361 1373 egestas.

356 1390 504 1430 Prima
525 1391 653 1431 Ceres
671 1387 787 1430 ferro
804 1389 1011 1430 mortales
1025 1391 1198 1431 vertere
1219 1391 1379 1432 terram

304 1459 528 1500 Instituitx
551 1471 689 1513 quum
709 1461 802 1510 jam
823 1457 1004 1512 glandes
1025 1461 1153 1512 atque
1176 1460 1330 1502 arbuta
1349 1472 1483 1503 sacrae.

303 1527 554 1571 Deficerent
568 1528 686 1571 silvae
704 1560 714 1575 ‚
730 1531 775 1571 et
788 1530 956 1571 victum
973 1527 1163 1569 Dodona
1178 1534 1375 1582 negaret.

303 1601 401 1639 Mox
420 1601 465 1640 et
481 1597 709 1640 frumentis
724 1600 850 1640 labor
870 1596 1042 1639 additus
1066 1613 1075 1636 :
1100 1601 1150 1637 ut
1165 1597 1278 1639 mala
1298 1601 1465 1641 culmos

300 1670 427 1710 Esset
439 1669 621 1719 rubigo,
642 1668 873 1721 segnisque
889 1668 1090 1709 horreret
1108 1668 1154 1708 in
1182 1670 1295 1710 arvis

300 1739 497 1781 Carduus
515 1755 524 1778 ι
549 1739 775 1781 Intereunt
793 1742 983 1791 segete53
1001 1739 1116 1780 subit
1130 1751 1284 1792 aspera
1302 1741 1433 1786 silva,

300 1812 546 1864 Lappaeque
560 1808 796 1862 tribulique
814 1825 823 1857 ;
846 1808 1045 1860 interque
1064 1809 1252 1852 nitentia
1271 1809 1388 1852 culta

299 1878 454 1922 Infelix
471 1878 624 1920 lolium
652 1880 696 1920 et
710 1879 878 1921 steriles
899 1877 1183 1919 dominantur
1202 1890 1367 1920 avenae.

299 1948 429 1998 Quod
446 1950 527 1990 nisi
542 1951 585 1990 et
601 1947 791 1990 adsiduis
808 1950 969 1990 terram
982 1947 1253 1990 insectabere
1270 1950 1420 1991 rastris
1437 1981 1445 1996 ‚

299 2020 355 2058 Et
373 2017 521 2060 sonitu
542 2017 722 2060 terrebis
743 2027 866 2063 aves,
889 2019 931 2058 et
948 2015 1060 2057 ruris
1076 2017 1199 2069 opaci

298 2089 426 2131 Falce
450 2098 624 2142 premes
639 2087 814 2128 umbras
827 2120 836 2133 ,
856 2086 1057 2138 votisque
1072 2086 1299 2127 vocaveris
1316 2086 1525 2129 imbrem:

299 2159 420 2198 Heu!
442 2166 653 2209 magnum
671 2157 850 2198 alterIus
872 2154 1027 2197 frustra
1047 2156 1260 2208 spectabis
1281 2168 1510 2203 acervum,

299 2229 605 2279 concussaque
621 2224 779 2268 famem
794 2226 840 2266 in
859 2225 980 2267 silvis
995 2227 1190 2268 solabere
1207 2236 1387 2278 quercu.

350 2294 598 2339 Dicendum
615 2298 659 2339 et
688 2307 783 2349 quae
803 2297 892 2337 sint
918 2295 1036 2338 duris
1057 2296 1296 2349 agrestibus
1313 2307 1455 2342 arma,

297 2366 402 2417 Quis
422 2367 516 2409 sine
537 2378 618 2409 nec
633 2368 817 2420 potuere
833 2367 940 2412 seri,
963 2378 1046 2409 nec
1064 2377 1242 2419 surgere
1258 2378 1414 2408 messes
1435 2384 1444 2405 ;

299 2438 447 2480 vomis
464 2469 472 2485 ,
496 2441 539 2480 et
557 2436 701 2479 inflexi
719 2438 910 2491 primum
930 2447 1062 2489 grave
1076 2437 1210 2479 robur
1227 2436 1379 2479 aratri.
