1917 2942
205 326 281 366 225
745 324 911 362 LIBER
939 323 972 361 Ι.
1455 322 1509 358 (15

204 409 359 451 Debita
375 420 504 462 (lt-iam
522 409 651 449 sulcis
676 408 922 450 committas
944 407 1133 452 semina,
1157 417 1375 459 quamque

204 479 356 521 Invitas
383 489 587 532 properes
604 478 706 518 anni
726 489 849 532 spem
869 477 1052 520 eredere
1075 478 1215 519 terrae.

203 549 325 590 Multi
343 549 444 590 ante
463 559 668 591 oceasum
687 549 1001 601 Maiaeeoepere
1019 565 1029 587 ι
1050 547 1126 589 sed
1147 548 1243 589 illos

203 621 458 673 Exspectata
479 630 600 671 seges
620 619 743 660 vanis
762 618 889 660 elusit
908 619 1064 660 aristis.

205 687 247 728 Si
261 698 367 729 vero
386 683 629 739 viciamque
648 697 762 728 seres
780 687 1001 738 vilemque
1020 685 1227 732 faselum,

206 758 239 797 N
247 767 296 798 ec
316 756 548 799 Pelusiacae
567 767 716 798 curam
735 755 1054 809 adspernabere
1069 756 1197 797 lentis
1221 771 1230 794 ε

205 825 333 867 Haud
350 825 538 867 obseura
559 825 719 867 cadens
738 826 882 867 mittet
903 825 979 865 tibi
995 825 1119 876 signa
1137 826 1319 870 Boo·tes;

206 895 377 947 Incipe,
399 897 442 936 et
456 894 510 936 ad
525 894 690 937 medias
704 898 945 938 sementem
967 893 1148 936 extende
1168 894 1362 947 pruinas.

257 961 430 1004 Idcirco
453 964 581 1005 certis
596 963 842 1005 dimensum
858 962 1052 1017 partibus
1069 962 1219 1004 orbem

209 1034 292 1073 Per
312 1030 515 1074 duodena
537 1033 649 1084 regit
666 1031 819 1074 mundi
836 1032 910 1073 Sol
924 1042 1080 1073 aureus
1099 1032 1227 1071 astra.

207 1100 408 1153 Quinque
429 1103 580 1143 tenent
596 1101 753 1143 ccelum
770 1111 891 1142 zonae
909 1130 918 1147 ‚
937 1111 1123 1152 quarum
1142 1110 1230 1140 una
1246 1110 1430 1141 corusco

204 1172 384 1223 Semper
399 1171 489 1211 sole
512 1171 696 1217 rubens,
718 1173 762 1212 et
782 1168 946 1212 torrida
964 1180 1137 1222 semper
1157 1168 1210 1208 ab
1229 1168 1320 1220 igni
1339 1184 1348 1215 3

206 1242 345 1289 Quam
362 1240 530 1281 circum
546 1242 749 1282 extremae
766 1239 919 1281 dextra
939 1239 1133 1290 laevaque
1155 1236 1400 1282 trahuntur,

206 1312 397 1353 Caerulea
414 1310 551 1361 glaeie
567 1312 785 1353 concretae
806 1313 935 1362 atque
951 1308 1162 1349 imbribus
1180 1309 1298 1349 atris.

206 1383 292 1421 Has
306 1380 423 1422 inter
440 1379 716 1432 mediamque
734 1379 831 1420 duae
852 1379 1107 1420 mortalibus
1122 1378 1246 1430 eegris

208 1453 387 1492 Munere
403 1461 619 1493 concessa>
637 1451 787 1491 uirum
805 1466 814 1498 ;
837 1449 908 1491 via
926 1453 1043 1490 secta
1062 1460 1142 1502 per
1158 1448 1304 1490 ambas
1321 1480 1329 1494 .

207 1520 415 1573 Obliquus
432 1532 515 1574 qua
534 1531 579 1562 se
598 1520 823 1572 signorum
838 1521 1030 1562 verteret
1044 1517 1168 1560 ordo.

209 1588 409 1636 Mundus,
428 1593 479 1630 ut
494 1589 551 1631 ad
566 1588 789 1642 Scythiam
808 1588 1096 1643 Rhipaeasque
1111 1588 1270 1629 arduus
1286 1598 1406 1629 arces·

206 1659 458 1710 Consurgit,
479 1658 692 1713 premitur
708 1659 852 1710 Libyae
873 1658 1058 1700 devexus
1072 1658 1119 1698 in
1138 1660 1336 1699 Austros.

209 1728 288 1770 Hie
305 1730 457 1770 vertex
471 1727 598 1769 nobis
617 1738 788 1781 semper
807 1726 1002 1769 sublimis
1018 1743 1028 1774 ;
1051 1729 1095 1766 at
1107 1724 1232 1767 illum

208 1798 292 1841 Sub
308 1797 491 1851 pedibus
506 1800 613 1850 Styx
630 1799 722 1839 atra
740 1797 856 1840 videt
873 1827 883 1844 ‚
905 1800 1140 1848 Manesque
1159 1793 1385 1849 profundi.

208 1866 415 1913 Maximus
430 1865 501 1909 1110
524 1864 633 1908 flexu
653 1867 830 1908 sinuoso
849 1865 1036 1908 elabitur
1056 1864 1222 1917 Anguis

208 1936 381 1984 Circum
397 1967 407 1982 ‚
431 1947 593 1990 perque
613 1936 722 1977 duas
741 1937 788 1977 in
810 1946 980 1977 rnorem
994 1934 1189 1977 >fluminis
1207 1937 1383 1979 Arctos,

211 2007 371 2050 Arctos
387 2005 549 2047 Oceani
566 2007 810 2047 metuentes
827 2015 1001 2057 aequore
1016 2004 1126 2056 tingi
1145 2020 1155 2043 ε

207 2074 299 2116 11110
314 2105 324 2121 ‚
342 2076 391 2114 ut
406 2073 661 2132 perhibent,
687 2077 762 2114 aut
774 2074 1037 2125 intempesta
1055 2073 1153 2115 silet
1166 2084 1253 2114 nox
1272 2106 1280 2118 ,

208 2145 386 2197 Semper
401 2144 444 2184 et
463 2143 640 2184 obtenta
661 2141 901 2184 densantur
916 2144 1048 2185 noete
1071 2144 1285 2191 tenebrae;

211 2215 299 2254 Aut
313 2211 427 2255 redit
447 2224 471 2254 a
488 2212 615 2254 nobis
631 2215 802 2253 Aurora
820 2244 828 2259 ‚
852 2213 1057 2265 diemque
1075 2213 1274 2261 reducit;

213 2282 385 2335 Nosque
404 2280 477 2322 ubi
506 2281 672 2335 primus
691 2281 811 2333 equis
842 2281 999 2323 Oriens
1018 2280 1195 2323 adflavit
1211 2278 1380 2325 anhelis
1394 2314 1404 2323 ,

210 2352 302 2394 Illic
317 2362 412 2393 sera
431 2351 593 2393 rubens
612 2351 813 2394 accendit
832 2351 1001 2393 lumina
1014 2355 1189 2405 Vesper.

213 2420 325 2462 Hine
344 2421 618 2473 tempestates
641 2418 774 2462 dubio
793 2420 1054 2474 praediscere
1074 2420 1186 2463 cerlo
