<?xml version="1.0" encoding="UTF-8"?>
<!DOCTYPE html PUBLIC "-//W3C//DTD XHTML 1.0 Transitional//EN"
    "http://www.w3.org/TR/xhtml1/DTD/xhtml1-transitional.dtd">
<html xmlns="http://www.w3.org/1999/xhtml" xml:lang="en" lang="en">
 <head>
  <title>
</title>
<meta http-equiv="Content-Type" content="text/html;charset=utf-8" />
  <meta name='ocr-system' content='tesseract 3.04.00' />
  <meta name='ocr-capabilities' content='ocr_page ocr_carea ocr_par ocr_line ocrx_word'/>
</head>
<body>
  <div class='ocr_page' id='page_1' title='image "./publiivirgiliim01unkngoog_0366.png"; bbox 0 0 1917 2942; ppageno 0'>
   <div class='ocr_carea' id='block_1_1' title="bbox 369 349 1705 2501">
    <p class='ocr_par' dir='ltr' id='par_1_1' title="bbox 369 349 1705 2501">
     <span class='ocr_line' id='line_1_1' title="bbox 399 349 1705 392; baseline 0.004 -6"><span class='ocrx_word' id='word_1_1' title='bbox 399 352 477 389; x_wconf 64' lang='lat'>‘56¹0</span> <span class='ocrx_word' id='word_1_2' title='bbox 923 349 1182 388; x_wconf 68' lang='lat' dir='ltr'>,ENEIDOS</span> <span class='ocrx_word' id='word_1_3' title='bbox 1632 350 1705 392; x_wconf 80' lang='lat'>277</span> 
     </span>
     <span class='ocr_line' id='line_1_2' title="bbox 399 432 1575 486; baseline 0.002 -13"><span class='ocrx_word' id='word_1_4' title='bbox 399 432 603 486; x_wconf 79' lang='lat' dir='ltr'>Adcipio,</span> <span class='ocrx_word' id='word_1_5' title='bbox 624 433 667 473; x_wconf 82' lang='lat' dir='ltr'>et</span> <span class='ocrx_word' id='word_1_6' title='bbox 687 433 891 474; x_wconf 86' lang='lat' dir='ltr'>comitem</span> <span class='ocrx_word' id='word_1_7' title='bbox 913 443 1037 475; x_wconf 86' lang='lat' dir='ltr'>casus</span> <span class='ocrx_word' id='word_1_8' title='bbox 1057 433 1329 485; x_wconf 84' lang='lat' dir='ltr'>complector</span> <span class='ocrx_word' id='word_1_9' title='bbox 1345 433 1392 473; x_wconf 90' lang='lat' dir='ltr'>in</span> <span class='ocrx_word' id='word_1_10' title='bbox 1408 443 1575 475; x_wconf 75' lang='lat' dir='ltr'>omnes,</span> 
     </span>
     <span class='ocr_line' id='line_1_3' title="bbox 398 500 1401 553; baseline 0 -12"><span class='ocrx_word' id='word_1_11' title='bbox 398 501 521 542; x_wconf 83' lang='lat' dir='ltr'>Nulla</span> <span class='ocrx_word' id='word_1_12' title='bbox 540 500 649 543; x_wconf 89' lang='lat' dir='ltr'>meis</span> <span class='ocrx_word' id='word_1_13' title='bbox 665 501 758 543; x_wconf 89' lang='lat' dir='ltr'>sine</span> <span class='ocrx_word' id='word_1_14' title='bbox 781 503 821 543; x_wconf 87' lang='lat' dir='ltr'>te</span> <span class='ocrx_word' id='word_1_15' title='bbox 839 504 1062 553; x_wconf 81' lang='lat' dir='ltr'>quaeretur</span> <span class='ocrx_word' id='word_1_16' title='bbox 1079 500 1221 552; x_wconf 81' lang='lat' dir='ltr'>gloria</span> <span class='ocrx_word' id='word_1_17' title='bbox 1240 501 1368 543; x_wconf 87' lang='lat' dir='ltr'>rebus</span> <span class='ocrx_word' id='word_1_18' title='bbox 1391 516 1401 541; x_wconf 76' lang='lat' dir='ltr'><em>z</em></span> 
     </span>
     <span class='ocr_line' id='line_1_4' title="bbox 392 570 1565 624; baseline 0.003 -14"><span class='ocrx_word' id='word_1_19' title='bbox 392 574 479 613; x_wconf 82' lang='lat' dir='ltr'>Seu</span> <span class='ocrx_word' id='word_1_20' title='bbox 498 581 650 624; x_wconf 86' lang='lat' dir='ltr'>pacem</span> <span class='ocrx_word' id='word_1_21' title='bbox 665 602 675 621; x_wconf 84' lang='lat'>‚</span> <span class='ocrx_word' id='word_1_22' title='bbox 692 581 769 612; x_wconf 89' lang='lat' dir='ltr'>seu</span> <span class='ocrx_word' id='word_1_23' title='bbox 785 570 898 612; x_wconf 88' lang='lat' dir='ltr'>bella</span> <span class='ocrx_word' id='word_1_24' title='bbox 918 582 1068 624; x_wconf 83' lang='lat' dir='ltr'>geram</span> <span class='ocrx_word' id='word_1_25' title='bbox 1084 586 1094 618; x_wconf 84' lang='lat'>;</span> <span class='ocrx_word' id='word_1_26' title='bbox 1118 570 1194 611; x_wconf 81' lang='lat' dir='ltr'>tibi</span> <span class='ocrx_word' id='word_1_27' title='bbox 1211 570 1399 613; x_wconf 84' lang='lat' dir='ltr'>maxima</span> <span class='ocrx_word' id='word_1_28' title='bbox 1418 582 1565 613; x_wconf 84' lang='lat' dir='ltr'>rerum</span> 
     </span>
     <span class='ocr_line' id='line_1_5' title="bbox 397 639 1514 694; baseline 0.003 -11"><span class='ocrx_word' id='word_1_29' title='bbox 397 640 735 694; x_wconf 82' lang='lat' dir='ltr'>verborumque</span> <span class='ocrx_word' id='word_1_30' title='bbox 752 639 878 682; x_wconf 86' lang='lat' dir='ltr'>fides.</span> <span class='ocrx_word' id='word_1_31' title='bbox 901 655 917 675; x_wconf 86' lang='lat'>»</span> <span class='ocrx_word' id='word_1_32' title='bbox 944 642 1106 681; x_wconf 81' lang='lat' dir='ltr'>Contra</span> <span class='ocrx_word' id='word_1_33' title='bbox 1125 651 1255 693; x_wconf 85' lang='lat' dir='ltr'>quem</span> <span class='ocrx_word' id='word_1_34' title='bbox 1278 642 1379 683; x_wconf 87' lang='lat' dir='ltr'>talia</span> <span class='ocrx_word' id='word_1_35' title='bbox 1398 642 1514 686; x_wconf 81' lang='lat' dir='ltr'>fatur</span> 
     </span>
     <span class='ocr_line' id='line_1_6' title="bbox 399 708 1472 761; baseline 0.001 -10"><span class='ocrx_word' id='word_1_36' title='bbox 399 710 638 761; x_wconf 79' lang='lat' dir='ltr'><strong>Euryalus:</strong></span> <span class='ocrx_word' id='word_1_37' title='bbox 661 725 677 746; x_wconf 62' lang='lat' dir='ltr'>a</span> <span class='ocrx_word' id='word_1_38' title='bbox 699 713 766 751; x_wconf 81' lang='lat' dir='ltr'>Me</span> <span class='ocrx_word' id='word_1_39' title='bbox 783 710 904 751; x_wconf 85' lang='lat' dir='ltr'>nulla</span> <span class='ocrx_word' id='word_1_40' title='bbox 924 709 1017 752; x_wconf 80' lang='lat' dir='ltr'>dies</span> <span class='ocrx_word' id='word_1_41' title='bbox 1040 714 1128 751; x_wconf 88' lang='lat' dir='ltr'>tam</span> <span class='ocrx_word' id='word_1_42' title='bbox 1150 708 1337 752; x_wconf 79' lang='lat' dir='ltr'>sortibus</span> <span class='ocrx_word' id='word_1_43' title='bbox 1356 711 1472 753; x_wconf 85' lang='lat' dir='ltr'>ausis</span> 
     </span>
     <span class='ocr_line' id='line_1_7' title="bbox 401 777 1578 831; baseline 0.002 -11"><span class='ocrx_word' id='word_1_44' title='bbox 401 778 662 821; x_wconf 71' lang='lat' dir='ltr'>Dissimilem</span> <span class='ocrx_word' id='word_1_45' title='bbox 678 777 899 831; x_wconf 56' lang='lat' dir='ltr'>arguerim</span> <span class='ocrx_word' id='word_1_46' title='bbox 921 780 1095 819; x_wconf 83' lang='lat' dir='ltr'>tantum</span> <span class='ocrx_word' id='word_1_47' title='bbox 1115 794 1125 817; x_wconf 75' lang='grc' dir='ltr'><strong><em>ε</em></strong></span> <span class='ocrx_word' id='word_1_48' title='bbox 1143 780 1360 827; x_wconf 86' lang='lat' dir='ltr'>Fortuna,</span> <span class='ocrx_word' id='word_1_49' title='bbox 1382 781 1578 823; x_wconf 84' lang='lat' dir='ltr'>secunda</span> 
     </span>
     <span class='ocr_line' id='line_1_8' title="bbox 395 847 1485 901; baseline 0.004 -13"><span class='ocrx_word' id='word_1_50' title='bbox 395 849 486 889; x_wconf 75' lang='lat' dir='ltr'>Aut</span> <span class='ocrx_word' id='word_1_51' title='bbox 501 847 684 890; x_wconf 82' lang='lat' dir='ltr'>adversa</span> <span class='ocrx_word' id='word_1_52' title='bbox 699 878 709 894; x_wconf 88' lang='lat'>‚</span> <span class='ocrx_word' id='word_1_53' title='bbox 732 847 875 889; x_wconf 85' lang='lat' dir='ltr'>cadat.</span> <span class='ocrx_word' id='word_1_54' title='bbox 897 847 982 888; x_wconf 87' lang='lat' dir='ltr'>Sed</span> <span class='ocrx_word' id='word_1_55' title='bbox 1001 850 1042 889; x_wconf 91' lang='lat' dir='ltr'>te</span> <span class='ocrx_word' id='word_1_56' title='bbox 1056 858 1187 901; x_wconf 83' lang='lat' dir='ltr'>super</span> <span class='ocrx_word' id='word_1_57' title='bbox 1205 848 1353 890; x_wconf 89' lang='lat' dir='ltr'>omnia</span> <span class='ocrx_word' id='word_1_58' title='bbox 1368 849 1485 892; x_wconf 89' lang='lat' dir='ltr'>dona</span> 
     </span>
     <span class='ocr_line' id='line_1_9' title="bbox 396 914 1475 968; baseline 0.004 -12"><span class='ocrx_word' id='word_1_59' title='bbox 396 919 544 958; x_wconf 88' lang='lat' dir='ltr'>Unum</span> <span class='ocrx_word' id='word_1_60' title='bbox 563 927 641 958; x_wconf 87' lang='lat' dir='ltr'>oro</span> <span class='ocrx_word' id='word_1_61' title='bbox 662 932 672 956; x_wconf 74' lang='grc' dir='ltr'>ε</span> <span class='ocrx_word' id='word_1_62' title='bbox 693 916 884 967; x_wconf 77' lang='lat' dir='ltr'>genitrix</span> <span class='ocrx_word' id='word_1_63' title='bbox 901 914 1135 959; x_wconf 82' lang='lat' dir='ltr'>Priamide</span> <span class='ocrx_word' id='word_1_64' title='bbox 1154 919 1286 968; x_wconf 81' lang='lat' dir='ltr'>gente</span> <span class='ocrx_word' id='word_1_65' title='bbox 1304 920 1475 960; x_wconf 84' lang='lat' dir='ltr'>vetusta</span> 
     </span>
     <span class='ocr_line' id='line_1_10' title="bbox 401 984 1499 1037; baseline 0.001 -12"><span class='ocrx_word' id='word_1_66' title='bbox 401 988 471 1027; x_wconf 78' lang='lat' dir='ltr'>Est</span> <span class='ocrx_word' id='word_1_67' title='bbox 486 984 616 1035; x_wconf 87' lang='lat' dir='ltr'>mihi,</span> <span class='ocrx_word' id='word_1_68' title='bbox 637 995 771 1037; x_wconf 85' lang='lat' dir='ltr'>quam</span> <span class='ocrx_word' id='word_1_69' title='bbox 785 984 991 1025; x_wconf 81' lang='lat' dir='ltr'>miseram</span> <span class='ocrx_word' id='word_1_70' title='bbox 1008 984 1152 1026; x_wconf 87' lang='lat' dir='ltr'>tenuit</span> <span class='ocrx_word' id='word_1_71' title='bbox 1167 995 1257 1025; x_wconf 91' lang='lat' dir='ltr'>non</span> <span class='ocrx_word' id='word_1_72' title='bbox 1277 985 1353 1026; x_wconf 82' lang='lat' dir='ltr'>Ilia</span> <span class='ocrx_word' id='word_1_73' title='bbox 1372 985 1499 1028; x_wconf 85' lang='lat' dir='ltr'>tellus</span> 
     </span>
     <span class='ocr_line' id='line_1_11' title="bbox 394 1053 1515 1106; baseline 0 -10"><span class='ocrx_word' id='word_1_74' title='bbox 394 1058 568 1097; x_wconf 80' lang='lat' dir='ltr'>Mecum</span> <span class='ocrx_word' id='word_1_75' title='bbox 586 1053 893 1100; x_wconf 74' lang='lat' dir='ltr'>excedentem,</span> <span class='ocrx_word' id='word_1_76' title='bbox 914 1064 1006 1094; x_wconf 90' lang='lat' dir='ltr'>non</span> <span class='ocrx_word' id='word_1_77' title='bbox 1024 1054 1185 1094; x_wconf 85' lang='lat' dir='ltr'>moenia</span> <span class='ocrx_word' id='word_1_78' title='bbox 1200 1054 1315 1106; x_wconf 81' lang='lat' dir='ltr'>regis</span> <span class='ocrx_word' id='word_1_79' title='bbox 1331 1058 1515 1097; x_wconf 83' lang='lat' dir='ltr'>Acestae.</span> 
     </span>
     <span class='ocr_line' id='line_1_12' title="bbox 395 1122 1702 1178; baseline 0 -13"><span class='ocrx_word' id='word_1_80' title='bbox 395 1127 523 1166; x_wconf 87' lang='lat' dir='ltr'>Hanc</span> <span class='ocrx_word' id='word_1_81' title='bbox 541 1133 624 1176; x_wconf 83' lang='lat' dir='ltr'>ego</span> <span class='ocrx_word' id='word_1_82' title='bbox 642 1134 764 1164; x_wconf 90' lang='lat' dir='ltr'>nunc</span> <span class='ocrx_word' id='word_1_83' title='bbox 783 1123 985 1174; x_wconf 83' lang='lat' dir='ltr'>ignaram</span> <span class='ocrx_word' id='word_1_84' title='bbox 1000 1122 1129 1174; x_wconf 87' lang='lat' dir='ltr'>hujus</span> <span class='ocrx_word' id='word_1_85' title='bbox 1147 1122 1444 1176; x_wconf 84' lang='lat' dir='ltr'>quodcunque</span> <span class='ocrx_word' id='word_1_86' title='bbox 1459 1124 1610 1178; x_wconf 87' lang='lat' dir='ltr'>pericli</span> <span class='ocrx_word' id='word_1_87' title='bbox 1627 1127 1702 1171; x_wconf 79' lang='lat' dir='ltr'>est.</span> 
     </span>
     <span class='ocr_line' id='line_1_13' title="bbox 394 1191 1426 1246; baseline -0.002 -11"><span class='ocrx_word' id='word_1_88' title='bbox 394 1198 533 1246; x_wconf 89' lang='lat' dir='ltr'>Inque</span> <span class='ocrx_word' id='word_1_89' title='bbox 552 1194 785 1234; x_wconf 85' lang='lat' dir='ltr'>salutatam</span> <span class='ocrx_word' id='word_1_90' title='bbox 806 1191 984 1245; x_wconf 81' lang='lat' dir='ltr'>linquo;</span> <span class='ocrx_word' id='word_1_91' title='bbox 1008 1203 1122 1238; x_wconf 84' lang='lat' dir='ltr'>nox,</span> <span class='ocrx_word' id='word_1_92' title='bbox 1146 1193 1189 1234; x_wconf 89' lang='lat' dir='ltr'>et</span> <span class='ocrx_word' id='word_1_93' title='bbox 1212 1196 1283 1234; x_wconf 88' lang='lat' dir='ltr'>tua</span> <span class='ocrx_word' id='word_1_94' title='bbox 1304 1194 1426 1236; x_wconf 86' lang='lat' dir='ltr'>testis</span> 
     </span>
     <span class='ocr_line' id='line_1_14' title="bbox 398 1260 1650 1316; baseline 0 -12"><span class='ocrx_word' id='word_1_95' title='bbox 398 1267 605 1309; x_wconf 74' lang='lat' dir='ltr'>Dextera,</span> <span class='ocrx_word' id='word_1_96' title='bbox 630 1261 749 1316; x_wconf 86' lang='lat' dir='ltr'>quod</span> <span class='ocrx_word' id='word_1_97' title='bbox 766 1273 983 1315; x_wconf 80' lang='lat' dir='ltr'>nequeam</span> <span class='ocrx_word' id='word_1_98' title='bbox 998 1263 1213 1313; x_wconf 79' lang='lat' dir='ltr'>lacrymas</span> <span class='ocrx_word' id='word_1_99' title='bbox 1232 1260 1429 1314; x_wconf 78' lang='lat' dir='ltr'>perferre</span> <span class='ocrx_word' id='word_1_100' title='bbox 1443 1265 1650 1316; x_wconf 84' lang='lat' dir='ltr'>parentis.</span> 
     </span>
     <span class='ocr_line' id='line_1_15' title="bbox 394 1331 1572 1385; baseline -0.002 -9"><span class='ocrx_word' id='word_1_101' title='bbox 394 1337 451 1376; x_wconf 79' lang='lat' dir='ltr'>At</span> <span class='ocrx_word' id='word_1_102' title='bbox 473 1338 519 1375; x_wconf 88' lang='lat' dir='ltr'>tu</span> <span class='ocrx_word' id='word_1_103' title='bbox 539 1364 546 1376; x_wconf 83' lang='lat'><em>.</em></span> <span class='ocrx_word' id='word_1_104' title='bbox 577 1343 684 1379; x_wconf 88' lang='lat' dir='ltr'>oro,</span> <span class='ocrx_word' id='word_1_105' title='bbox 708 1331 851 1373; x_wconf 85' lang='lat' dir='ltr'>solare</span> <span class='ocrx_word' id='word_1_106' title='bbox 872 1332 1076 1385; x_wconf 81' lang='lat' dir='ltr'>inopem,</span> <span class='ocrx_word' id='word_1_107' title='bbox 1107 1335 1149 1374; x_wconf 89' lang='lat' dir='ltr'>et</span> <span class='ocrx_word' id='word_1_108' title='bbox 1169 1342 1376 1374; x_wconf 82' lang='lat' dir='ltr'>succurre</span> <span class='ocrx_word' id='word_1_109' title='bbox 1395 1332 1572 1375; x_wconf 63' lang='lat' dir='ltr'>relictae.</span> 
     </span>
     <span class='ocr_line' id='line_1_16' title="bbox 394 1398 1470 1455; baseline -0.002 -11"><span class='ocrx_word' id='word_1_110' title='bbox 394 1406 520 1444; x_wconf 87' lang='lat' dir='ltr'>Hanc</span> <span class='ocrx_word' id='word_1_111' title='bbox 537 1401 631 1443; x_wconf 88' lang='lat' dir='ltr'>sine</span> <span class='ocrx_word' id='word_1_112' title='bbox 651 1413 721 1443; x_wconf 91' lang='lat' dir='ltr'>me</span> <span class='ocrx_word' id='word_1_113' title='bbox 742 1412 864 1455; x_wconf 84' lang='lat' dir='ltr'>spem</span> <span class='ocrx_word' id='word_1_114' title='bbox 884 1398 1001 1443; x_wconf 77' lang='lat' dir='ltr'>serre</span> <span class='ocrx_word' id='word_1_115' title='bbox 1022 1401 1083 1441; x_wconf 83' lang='lat' dir='ltr'>tui</span> <span class='ocrx_word' id='word_1_116' title='bbox 1107 1415 1116 1439; x_wconf 73' lang='grc' dir='ltr'><strong><em>ε</em></strong></span> <span class='ocrx_word' id='word_1_117' title='bbox 1142 1400 1382 1442; x_wconf 83' lang='lat' dir='ltr'>audentior</span> <span class='ocrx_word' id='word_1_118' title='bbox 1398 1401 1470 1443; x_wconf 87' lang='lat' dir='ltr'>ibo</span> 
     </span>
     <span class='ocr_line' id='line_1_17' title="bbox 391 1471 1458 1514; baseline -0.002 -1"><span class='ocrx_word' id='word_1_119' title='bbox 391 1475 444 1513; x_wconf 87' lang='lat' dir='ltr'>In</span> <span class='ocrx_word' id='word_1_120' title='bbox 463 1483 587 1514; x_wconf 79' lang='lat' dir='ltr'>casus</span> <span class='ocrx_word' id='word_1_121' title='bbox 607 1482 778 1512; x_wconf 83' lang='lat' dir='ltr'>omnes.</span> <span class='ocrx_word' id='word_1_122' title='bbox 800 1486 813 1507; x_wconf 79' lang='lat' dir='ltr'>n</span> <span class='ocrx_word' id='word_1_123' title='bbox 841 1473 1056 1514; x_wconf 85' lang='lat' dir='ltr'>Percussa</span> <span class='ocrx_word' id='word_1_124' title='bbox 1075 1476 1223 1513; x_wconf 89' lang='lat' dir='ltr'>mente</span> <span class='ocrx_word' id='word_1_125' title='bbox 1239 1471 1458 1514; x_wconf 88' lang='lat' dir='ltr'>dederunt</span> 
     </span>
     <span class='ocr_line' id='line_1_18' title="bbox 392 1540 1584 1594; baseline 0 -10"><span class='ocrx_word' id='word_1_126' title='bbox 392 1541 657 1584; x_wconf 65' lang='lat' dir='ltr'>Dardanidae</span> <span class='ocrx_word' id='word_1_127' title='bbox 678 1542 922 1593; x_wconf 76' lang='lat' dir='ltr'>lacryma53</span> <span class='ocrx_word' id='word_1_128' title='bbox 943 1543 1046 1581; x_wconf 86' lang='lat' dir='ltr'>ante</span> <span class='ocrx_word' id='word_1_129' title='bbox 1065 1552 1218 1583; x_wconf 89' lang='lat' dir='ltr'>omnes</span> <span class='ocrx_word' id='word_1_130' title='bbox 1237 1540 1422 1594; x_wconf 81' lang='lat' dir='ltr'>pulcher</span> <span class='ocrx_word' id='word_1_131' title='bbox 1442 1542 1584 1589; x_wconf 75' lang='lat' dir='ltr'>Ifflus3</span> 
     </span>
     <span class='ocr_line' id='line_1_19' title="bbox 390 1609 1493 1665; baseline -0.003 -12"><span class='ocrx_word' id='word_1_132' title='bbox 390 1615 536 1664; x_wconf 86' lang='lat' dir='ltr'>Atque</span> <span class='ocrx_word' id='word_1_133' title='bbox 559 1611 757 1652; x_wconf 81' lang='lat' dir='ltr'>animum</span> <span class='ocrx_word' id='word_1_134' title='bbox 776 1610 926 1664; x_wconf 60' lang='lat' dir='ltr'>patriae</span> <span class='ocrx_word' id='word_1_135' title='bbox 945 1610 1122 1652; x_wconf 81' lang='lat' dir='ltr'>strinxit</span> <span class='ocrx_word' id='word_1_136' title='bbox 1140 1609 1313 1665; x_wconf 79' lang='lat' dir='ltr'>pietatis</span> <span class='ocrx_word' id='word_1_137' title='bbox 1332 1610 1493 1663; x_wconf 81' lang='lat' dir='ltr'>imago.</span> 
     </span>
     <span class='ocr_line' id='line_1_20' title="bbox 390 1677 794 1723; baseline -0.007 -5"><span class='ocrx_word' id='word_1_138' title='bbox 390 1682 500 1721; x_wconf 83' lang='lat' dir='ltr'>Tum</span> <span class='ocrx_word' id='word_1_139' title='bbox 521 1680 583 1723; x_wconf 91' lang='lat' dir='ltr'>sic</span> <span class='ocrx_word' id='word_1_140' title='bbox 604 1677 763 1722; x_wconf 81' lang='lat' dir='ltr'>effatur</span> <span class='ocrx_word' id='word_1_141' title='bbox 784 1691 794 1715; x_wconf 78' lang='lat' dir='ltr'><em>z</em></span> 
     </span>
     <span class='ocr_line' id='line_1_21' title="bbox 393 1747 1532 1803; baseline -0.002 -12"><span class='ocrx_word' id='word_1_142' title='bbox 393 1766 407 1785; x_wconf 81' lang='grc'><strong>«</strong></span> <span class='ocrx_word' id='word_1_143' title='bbox 433 1748 640 1803; x_wconf 80' lang='lat' dir='ltr'>Spondeo</span> <span class='ocrx_word' id='word_1_144' title='bbox 661 1748 794 1801; x_wconf 85' lang='lat' dir='ltr'>digna</span> <span class='ocrx_word' id='word_1_145' title='bbox 812 1747 896 1789; x_wconf 86' lang='lat' dir='ltr'>tuis</span> <span class='ocrx_word' id='word_1_146' title='bbox 917 1748 1171 1800; x_wconf 83' lang='lat' dir='ltr'>ingentibus</span> <span class='ocrx_word' id='word_1_147' title='bbox 1192 1748 1341 1795; x_wconf 84' lang='lat' dir='ltr'>omnia</span> <span class='ocrx_word' id='word_1_148' title='bbox 1361 1749 1532 1803; x_wconf 68' lang='lat' dir='ltr'>emptis.</span> 
     </span>
     <span class='ocr_line' id='line_1_22' title="bbox 391 1818 1614 1874; baseline -0.001 -12"><span class='ocrx_word' id='word_1_149' title='bbox 391 1823 590 1874; x_wconf 82' lang='lat' dir='ltr'>Namque</span> <span class='ocrx_word' id='word_1_150' title='bbox 608 1820 691 1862; x_wconf 87' lang='lat' dir='ltr'>erit</span> <span class='ocrx_word' id='word_1_151' title='bbox 709 1820 792 1861; x_wconf 86' lang='lat' dir='ltr'>ista</span> <span class='ocrx_word' id='word_1_152' title='bbox 813 1818 918 1868; x_wconf 87' lang='lat' dir='ltr'>mihi</span> <span class='ocrx_word' id='word_1_153' title='bbox 938 1819 1130 1870; x_wconf 72' lang='lat' dir='ltr'>genitrix</span> <span class='ocrx_word' id='word_1_154' title='bbox 1146 1850 1155 1866; x_wconf 87' lang='lat'><em>,</em></span> <span class='ocrx_word' id='word_1_155' title='bbox 1176 1831 1426 1872; x_wconf 85' lang='lat' dir='ltr'>nomenque</span> <span class='ocrx_word' id='word_1_156' title='bbox 1441 1824 1614 1862; x_wconf 63' lang='lat' dir='ltr'>Creusa}</span> 
     </span>
     <span class='ocr_line' id='line_1_23' title="bbox 388 1887 1387 1942; baseline 0 -12"><span class='ocrx_word' id='word_1_157' title='bbox 388 1891 543 1932; x_wconf 75' lang='lat' dir='ltr'>Solum</span> <span class='ocrx_word' id='word_1_158' title='bbox 561 1887 752 1931; x_wconf 81' lang='lat' dir='ltr'>defuerit</span> <span class='ocrx_word' id='word_1_159' title='bbox 767 1919 776 1933; x_wconf 79' lang='lat'><strong>.</strong></span> <span class='ocrx_word' id='word_1_160' title='bbox 792 1898 875 1929; x_wconf 90' lang='lat' dir='ltr'>nec</span> <span class='ocrx_word' id='word_1_161' title='bbox 901 1892 1076 1942; x_wconf 85' lang='lat' dir='ltr'>partum</span> <span class='ocrx_word' id='word_1_162' title='bbox 1096 1890 1237 1940; x_wconf 82' lang='lat' dir='ltr'>gratia</span> <span class='ocrx_word' id='word_1_163' title='bbox 1256 1890 1387 1932; x_wconf 84' lang='lat' dir='ltr'>talem</span> 
     </span>
     <span class='ocr_line' id='line_1_24' title="bbox 369 1958 1619 2014; baseline -0.003 -12"><span class='ocrx_word' id='word_1_164' title='bbox 369 1965 531 2009; x_wconf 59' lang='lat' dir='ltr'>,Parva</span> <span class='ocrx_word' id='word_1_165' title='bbox 550 1962 712 2001; x_wconf 83' lang='lat' dir='ltr'>manet.</span> <span class='ocrx_word' id='word_1_166' title='bbox 735 1963 868 2001; x_wconf 82' lang='lat' dir='ltr'>Casus</span> <span class='ocrx_word' id='word_1_167' title='bbox 891 1958 1056 2001; x_wconf 79' lang='lat' dir='ltr'>factum</span> <span class='ocrx_word' id='word_1_168' title='bbox 1076 1961 1326 2014; x_wconf 80' lang='lat' dir='ltr'>quicunque</span> <span class='ocrx_word' id='word_1_169' title='bbox 1346 1966 1619 2014; x_wconf 85' lang='lat' dir='ltr'>sequuntur:</span> 
     </span>
     <span class='ocr_line' id='line_1_25' title="bbox 391 2028 1592 2083; baseline 0 -13"><span class='ocrx_word' id='word_1_170' title='bbox 391 2035 474 2073; x_wconf 81' lang='lat' dir='ltr'>Per</span> <span class='ocrx_word' id='word_1_171' title='bbox 495 2032 629 2083; x_wconf 80' lang='lat' dir='ltr'>caput</span> <span class='ocrx_word' id='word_1_172' title='bbox 646 2029 732 2070; x_wconf 88' lang='lat' dir='ltr'>hoc</span> <span class='ocrx_word' id='word_1_173' title='bbox 748 2030 873 2080; x_wconf 86' lang='lat' dir='ltr'>juro,</span> <span class='ocrx_word' id='word_1_174' title='bbox 893 2040 971 2081; x_wconf 81' lang='lat' dir='ltr'>per</span> <span class='ocrx_word' id='word_1_175' title='bbox 992 2029 1109 2082; x_wconf 84' lang='lat' dir='ltr'>quod</span> <span class='ocrx_word' id='word_1_176' title='bbox 1132 2033 1259 2081; x_wconf 74' lang='lat' dir='ltr'>nater</span> <span class='ocrx_word' id='word_1_177' title='bbox 1277 2034 1378 2071; x_wconf 85' lang='lat' dir='ltr'>ante</span> <span class='ocrx_word' id='word_1_178' title='bbox 1397 2028 1565 2073; x_wconf 82' lang='lat' dir='ltr'>solebat</span> <span class='ocrx_word' id='word_1_179' title='bbox 1584 2047 1592 2070; x_wconf 89' lang='lat'>:</span> 
     </span>
     <span class='ocr_line' id='line_1_26' title="bbox 385 2098 1489 2152; baseline -0.002 -9"><span class='ocrx_word' id='word_1_180' title='bbox 385 2104 492 2152; x_wconf 79' lang='lat' dir='ltr'>Quae</span> <span class='ocrx_word' id='word_1_181' title='bbox 514 2101 593 2143; x_wconf 80' lang='lat' dir='ltr'>tibi</span> <span class='ocrx_word' id='word_1_182' title='bbox 609 2099 826 2152; x_wconf 72' lang='lat' dir='ltr'>polliceor</span> <span class='ocrx_word' id='word_1_183' title='bbox 849 2098 1004 2141; x_wconf 81' lang='lat' dir='ltr'>reduci</span> <span class='ocrx_word' id='word_1_184' title='bbox 1021 2098 1237 2152; x_wconf 83' lang='lat' dir='ltr'>rebusque</span> <span class='ocrx_word' id='word_1_185' title='bbox 1257 2099 1461 2142; x_wconf 86' lang='lat' dir='ltr'>secundis</span> <span class='ocrx_word' id='word_1_186' title='bbox 1480 2132 1489 2147; x_wconf 89' lang='lat'><strong><em>‚</em></strong></span> 
     </span>
     <span class='ocr_line' id='line_1_27' title="bbox 385 2170 1570 2224; baseline -0.001 -12"><span class='ocrx_word' id='word_1_187' title='bbox 385 2176 491 2213; x_wconf 82' lang='lat' dir='ltr'>I—Iaec</span> <span class='ocrx_word' id='word_1_188' title='bbox 508 2170 661 2214; x_wconf 85' lang='lat' dir='ltr'>eadem</span> <span class='ocrx_word' id='word_1_189' title='bbox 684 2171 901 2223; x_wconf 85' lang='lat' dir='ltr'>matrique</span> <span class='ocrx_word' id='word_1_190' title='bbox 919 2174 1002 2212; x_wconf 82' lang='lat' dir='ltr'>tuae</span> <span class='ocrx_word' id='word_1_191' title='bbox 1024 2170 1263 2224; x_wconf 80' lang='lat' dir='ltr'>generique</span> <span class='ocrx_word' id='word_1_192' title='bbox 1276 2171 1533 2213; x_wconf 87' lang='lat' dir='ltr'>manebunt.</span> <span class='ocrx_word' id='word_1_193' title='bbox 1554 2186 1570 2205; x_wconf 78' lang='lat' dir='ltr'>n</span> 
     </span>
     <span class='ocr_line' id='line_1_28' title="bbox 437 2239 1572 2292; baseline -0.004 -10"><span class='ocrx_word' id='word_1_194' title='bbox 437 2241 505 2283; x_wconf 90' lang='lat' dir='ltr'>Sic</span> <span class='ocrx_word' id='word_1_195' title='bbox 525 2240 587 2281; x_wconf 87' lang='lat' dir='ltr'>ait</span> <span class='ocrx_word' id='word_1_196' title='bbox 605 2239 887 2292; x_wconf 83' lang='lat' dir='ltr'>illacrymans</span> <span class='ocrx_word' id='word_1_197' title='bbox 908 2256 918 2279; x_wconf 75' lang='grc' dir='ltr'>ι</span> <span class='ocrx_word' id='word_1_198' title='bbox 942 2240 1127 2281; x_wconf 83' lang='lat' dir='ltr'>humero</span> <span class='ocrx_word' id='word_1_199' title='bbox 1144 2240 1274 2281; x_wconf 89' lang='lat' dir='ltr'>simul</span> <span class='ocrx_word' id='word_1_200' title='bbox 1288 2239 1407 2281; x_wconf 73' lang='lat' dir='ltr'>exuit</span> <span class='ocrx_word' id='word_1_201' title='bbox 1423 2250 1572 2281; x_wconf 68' lang='lat' dir='ltr'>ensem</span> 
     </span>
     <span class='ocr_line' id='line_1_29' title="bbox 385 2307 1410 2361; baseline -0.002 -10"><span class='ocrx_word' id='word_1_202' title='bbox 385 2312 603 2351; x_wconf 79' lang='lat' dir='ltr'>Auratum</span> <span class='ocrx_word' id='word_1_203' title='bbox 620 2341 630 2359; x_wconf 89' lang='lat'>,</span> <span class='ocrx_word' id='word_1_204' title='bbox 652 2309 764 2350; x_wconf 78' lang='lat' dir='ltr'>mira</span> <span class='ocrx_word' id='word_1_205' title='bbox 782 2319 913 2361; x_wconf 88' lang='lat' dir='ltr'>quem</span> <span class='ocrx_word' id='word_1_206' title='bbox 934 2307 1098 2350; x_wconf 80' lang='lat' dir='ltr'>fecerat</span> <span class='ocrx_word' id='word_1_207' title='bbox 1118 2312 1209 2351; x_wconf 85' lang='lat' dir='ltr'>arte</span> <span class='ocrx_word' id='word_1_208' title='bbox 1231 2312 1410 2361; x_wconf 81' lang='lat' dir='ltr'>Lycaon</span> 
     </span>
     <span class='ocr_line' id='line_1_30' title="bbox 384 2377 1540 2431; baseline 0.002 -13"><span class='ocrx_word' id='word_1_209' title='bbox 384 2380 598 2425; x_wconf 84' lang='lat' dir='ltr'>Gnosius,</span> <span class='ocrx_word' id='word_1_210' title='bbox 621 2381 751 2431; x_wconf 84' lang='lat' dir='ltr'>atque</span> <span class='ocrx_word' id='word_1_211' title='bbox 766 2377 962 2421; x_wconf 84' lang='lat' dir='ltr'>habilem</span> <span class='ocrx_word' id='word_1_212' title='bbox 983 2379 1141 2431; x_wconf 82' lang='lat' dir='ltr'>vagina</span> <span class='ocrx_word' id='word_1_213' title='bbox 1163 2379 1333 2430; x_wconf 82' lang='lat' dir='ltr'>aptarat</span> <span class='ocrx_word' id='word_1_214' title='bbox 1350 2377 1540 2420; x_wconf 77' lang='lat' dir='ltr'>eburna:</span> 
     </span>
     <span class='ocr_line' id='line_1_31' title="bbox 386 2446 1527 2501; baseline -0.005 -11"><span class='ocrx_word' id='word_1_215' title='bbox 386 2453 470 2490; x_wconf 78' lang='lat' dir='ltr'>Dat</span> <span class='ocrx_word' id='word_1_216' title='bbox 492 2449 594 2489; x_wconf 76' lang='lat' dir='ltr'>Niso</span> <span class='ocrx_word' id='word_1_217' title='bbox 614 2448 862 2491; x_wconf 80' lang='lat' dir='ltr'>Mnestheus</span> <span class='ocrx_word' id='word_1_218' title='bbox 877 2448 1035 2501; x_wconf 79' lang='lat' dir='ltr'>pellem</span> <span class='ocrx_word' id='word_1_219' title='bbox 1058 2448 1369 2501; x_wconf 75' lang='lat' dir='ltr'>horrentisque</span> <span class='ocrx_word' id='word_1_220' title='bbox 1386 2446 1527 2489; x_wconf 79' lang='lat' dir='ltr'>leonis</span> 
     </span>
    </p>
   </div>
  </div>
 </body>
</html>
