1917 2942
242 354 292 393 ΞΟ
714 358 938 401 ECLOGA
972 362 1064 403 vss.
1492 370 1540 408 1⁴3

241 442 293 479 Et
313 450 482 481 ramosa
502 444 658 491 Mycon
677 443 841 486 vivacis
860 457 1027 488 cornua
1044 449 1176 491 cervi.

239 511 281 550 Si
298 510 524 563 proprium
539 511 623 553 hoe
643 510 772 554 fuerit
789 546 797 561 ,
816 515 900 557 levi
920 514 975 557 de
994 528 1212 561 marmore
1229 522 1318 560 tota

242 582 435 623 Puniceo
449 581 579 622 stabis
593 593 714 623 suras
735 582 910 626 evineta
929 585 1163 627 cothurno.

788 662 984 696 Tflrnffls.

239 721 390 761 Sinum
407 720 552 766 laetis,
576 722 620 762 et
634 719 729 762 haec
746 723 789 763 te
804 721 915 769 liba,
935 723 1090 777 Priape
1109 757 1116 773 ‚
1136 727 1370 779 quotannis

241 790 497 841 Exspectare
517 790 581 829 sat
596 791 661 831 est
682 805 691 829 z
712 792 858 832 eustos
876 803 920 833 es
935 795 1140 846 pauperis
1156 795 1289 836 horti.

240 859 366 900 Nunc
389 858 429 898 te
451 868 744 899 marmoreum
758 870 841 912 pro
858 861 1057 913 tempore
1085 863 1266 905 fecimus
1288 880 1296 903 :
1314 868 1358 905 at
1379 867 1422 905 tu
1442 898 1448 906 ,

240 927 281 966 Si
300 925 438 967 fetura
453 937 631 979 gregem
651 929 922 981 suppleverit
941 961 949 976 ,
975 942 1130 973 aureus
1149 935 1260 975 esto.

786 1005 1007 1042 CORYDON.

238 1064 397 1107 Nerine
410 1066 588 1107 Galatea
601 1096 610 1112 ‚a
640 1066 790 1119 thymo
807 1067 912 1108 mihi
929 1067 1105 1111 dulcior
1119 1075 1160 1112 H
1166 1072 1274 1123 yblfe
1294 1104 1301 1117 ,

236 1133 473 1176 Candidior
487 1134 659 1185 cycnis,
678 1133 837 1177 hedera
854 1135 1087 1180 formosior
1101 1140 1196 1181 alba
1213 1156 1223 1188 3

235 1205 379 1253 Quum
399 1205 591 1256 primuni
612 1205 721 1258 pasti
739 1208 1167 1262 repetentprzesepia
1189 1212 1299 1251 tauri
1321 1243 1328 1255 .

236 1273 277 1313 Si
294 1285 377 1327 qua
394 1273 455 1315 tui
474 1275 718 1327 Corydonis
733 1274 866 1317 hahet
885 1278 925 1319 te
940 1288 1049 1319 cura
1066 1310 1074 1325 ‚
1091 1280 1257 1322 venito.

782 1356 978 1389 Turnsts.

236 1416 377 1454 Immo
397 1424 479 1466 ego
499 1414 669 1456 Sardois
685 1414 838 1456 videar
852 1415 930 1456 tibi
949 1417 1141 1459 amarior
1156 1417 1297 1461 herbis
1318 1453 1325 1465 ,

235 1484 467 1525 Horridior
484 1495 637 1533 rusco,
659 1486 856 1539 projecta
874 1486 1006 1527 vilior
1024 1488 1142 1539 alga;

234 1553 278 1594 Si
297 1553 402 1594 mihi
426 1564 518 1594 non
537 1553 631 1596 haee
649 1553 721 1595 lux
741 1556 834 1595 toto
847 1557 939 1607 jani
955 1554 1133 1608 longior
1149 1569 1268 1600 anno
1286 1562 1363 1601 est.

232 1625 297 1665 Ite
314 1622 494 1664 domum
509 1654 516 1668 ,
530 1623 641 1675 pasti
662 1656 669 1668 ,
693 1623 838 1676 siquis
855 1623 1016 1677 pudor,
1040 1625 1096 1666 ite
1115 1627 1332 1677 ‚juvenei.

767 1702 987 1736 CORYDON.

232 1764 415 1806 Muscosi
436 1763 577 1805 sontes
598 1796 605 1811 ‚
629 1766 673 1805 et
685 1774 844 1805 somno
859 1764 1035 1805 mollior
1053 1765 1208 1813 herba,

233 1836 285 1873 Et
304 1844 401 1887 quae
418 1843 495 1876 vos
510 1844 608 1874 rara
626 1832 774 1875 viridis
796 1834 903 1885 tegit
917 1834 1095 1876 arbutus
1111 1836 1266 1878 umbra
1279 1867 1289 1886 ,

232 1904 473 1945 solstitium
493 1904 643 1956 pecori
664 1901 886 1945 defendite
904 1919 912 1942 :
926 1905 1019 1953 jam
1034 1904 1154 1945 venit
1173 1908 1296 1946 aestas

232 1971 411 2015 Torrida
428 2005 436 2021 ‚
452 1975 544 2024 jam
560 1973 662 2014 laeto
683 1974 861 2025 turgent
877 1973 924 2013 in
942 1972 1118 2025 palmite
1130 1985 1331 2025 gemmae..

780 2049 974 2083 annffls.

234 2111 317 2152 Hie
337 2109 480 2155 iocus,
502 2112 546 2152 et
567 2109 689 2151 taedae
706 2109 915 2164 pingues;
935 2108 1008 2152 hie
1022 2110 1235 2163 plurimus
1254 2112 1366 2165 ignis

231 2183 428 2232 Semper,
450 2181 495 2220 et
509 2177 678 2221 assidua
694 2187 838 2232 postes
855 2177 1036 2231 fuligine
1055 2180 1186 2232 nigri.

233 2251 314 2293 Hie
334 2252 503 2292 tantum
521 2254 668 2291 Boreae
688 2260 891 2291 curamus
912 2248 1096 2301 frigora,
1112 2252 1326 2301 quantum

234 2324 319 2361 Ant
338 2332 572 2363 numerum
589 2321 715 2374 lupus
735 2352 743 2364 ,
762 2322 836 2361 aut
858 2319 1068 2361 torrentia
1097 2319 1277 2362 flumina
1296 2321 1427 2375 ripar„

765 2396 986 2430 conrDON.

233 2462 354 2503 Stant
375 2463 416 2502 et
433 2460 642 2512 juniperi.
670 2461 713 2501 et
733 2462 946 2501 castaneae
965 2457 1140 2500 hirsutae
1160 2476 1169 2508 ;
