<?xml version="1.0" encoding="UTF-8"?>
<!DOCTYPE html PUBLIC "-//W3C//DTD XHTML 1.0 Transitional//EN"
    "http://www.w3.org/TR/xhtml1/DTD/xhtml1-transitional.dtd">
<html xmlns="http://www.w3.org/1999/xhtml" xml:lang="en" lang="en">
 <head>
  <title>
</title>
<meta http-equiv="Content-Type" content="text/html;charset=utf-8" />
  <meta name='ocr-system' content='tesseract 3.04.00' />
  <meta name='ocr-capabilities' content='ocr_page ocr_carea ocr_par ocr_line ocrx_word'/>
</head>
<body>
  <div class='ocr_page' id='page_1' title='image "./publiivirgiliim01unkngoog/publiivirgiliim01unkngoog_0221.png"; bbox 0 0 1917 2942; ppageno 0'>
   <div class='ocr_carea' id='block_1_1' title="bbox 276 323 1602 369">
    <p class='ocr_par' dir='ltr' id='par_1_1' title="bbox 276 323 1602 369">
     <span class='ocr_line' id='line_1_1' title="bbox 276 323 1602 369; baseline 0.005 -8"><span class='ocrx_word' id='word_1_1' title='bbox 276 323 327 361; x_wconf 68' lang='lat'>43</span> <span class='ocrx_word' id='word_1_2' title='bbox 816 326 979 364; x_wconf 70' lang='lat' dir='ltr'>LIBER</span> <span class='ocrx_word' id='word_1_3' title='bbox 1014 327 1063 362; x_wconf 75' lang='lat' dir='ltr'>lV</span> <span class='ocrx_word' id='word_1_4' title='bbox 1523 329 1602 369; x_wconf 65' lang='lat' dir='ltr'>2t7</span> 
     </span>
    </p>
   </div>
   <div class='ocr_carea' id='block_1_2' title="bbox 264 406 1591 1366">
    <p class='ocr_par' dir='ltr' id='par_1_2' title="bbox 273 406 1276 461">
     <span class='ocr_line' id='line_1_2' title="bbox 273 406 1276 461; baseline 0.004 -16"><span class='ocrx_word' id='word_1_5' title='bbox 273 406 456 447; x_wconf 60' lang='lat' dir='ltr'>Barcaei.</span> <span class='ocrx_word' id='word_1_6' title='bbox 481 406 594 456; x_wconf 78' lang='lat' dir='ltr'>Quid</span> <span class='ocrx_word' id='word_1_7' title='bbox 611 407 721 449; x_wconf 78' lang='lat' dir='ltr'>bella</span> <span class='ocrx_word' id='word_1_8' title='bbox 739 411 850 460; x_wconf 78' lang='lat' dir='ltr'>Tyro</span> <span class='ocrx_word' id='word_1_9' title='bbox 864 410 1089 461; x_wconf 83' lang='lat' dir='ltr'>surgentia</span> <span class='ocrx_word' id='word_1_10' title='bbox 1109 409 1276 457; x_wconf 67' lang='lat' dir='ltr'>dicam,</span> 
     </span>
    </p>

    <p class='ocr_par' dir='ltr' id='par_1_3' title="bbox 276 477 765 530">
     <span class='ocr_line' id='line_1_3' title="bbox 276 477 765 530; baseline 0.004 -15"><span class='ocrx_word' id='word_1_11' title='bbox 276 477 577 530; x_wconf 73' lang='lat' dir='ltr'>Germanique</span> <span class='ocrx_word' id='word_1_12' title='bbox 591 478 733 519; x_wconf 87' lang='lat' dir='ltr'>minas</span> <span class='ocrx_word' id='word_1_13' title='bbox 746 478 765 517; x_wconf 85' lang='lat'>?</span> 
     </span>
    </p>

    <p class='ocr_par' dir='ltr' id='par_1_4' title="bbox 274 545 1468 600">
     <span class='ocr_line' id='line_1_4' title="bbox 274 545 1468 600; baseline 0.008 -18"><span class='ocrx_word' id='word_1_14' title='bbox 274 545 350 584; x_wconf 67' lang='lat' dir='ltr'>Dis</span> <span class='ocrx_word' id='word_1_15' title='bbox 371 546 577 597; x_wconf 79' lang='lat' dir='ltr'>equidem</span> <span class='ocrx_word' id='word_1_16' title='bbox 599 547 849 600; x_wconf 76' lang='lat' dir='ltr'>auspicibus</span> <span class='ocrx_word' id='word_1_17' title='bbox 870 558 971 590; x_wconf 85' lang='lat' dir='ltr'>reor</span> <span class='ocrx_word' id='word_1_18' title='bbox 988 550 1032 590; x_wconf 90' lang='lat' dir='ltr'>et</span> <span class='ocrx_word' id='word_1_19' title='bbox 1050 551 1229 593; x_wconf 86' lang='lat' dir='ltr'>Junone</span> <span class='ocrx_word' id='word_1_20' title='bbox 1250 552 1468 599; x_wconf 81' lang='lat' dir='ltr'>secunda,</span> 
     </span>
    </p>

    <p class='ocr_par' dir='ltr' id='par_1_5' title="bbox 272 617 1334 662">
     <span class='ocr_line' id='line_1_5' title="bbox 272 617 1334 662; baseline 0.008 -8"><span class='ocrx_word' id='word_1_21' title='bbox 272 617 374 657; x_wconf 87' lang='lat' dir='ltr'>Huc</span> <span class='ocrx_word' id='word_1_22' title='bbox 395 626 572 658; x_wconf 86' lang='lat' dir='ltr'>cursum</span> <span class='ocrx_word' id='word_1_23' title='bbox 598 617 748 658; x_wconf 79' lang='lat' dir='ltr'>iliacas</span> <span class='ocrx_word' id='word_1_24' title='bbox 769 620 906 660; x_wconf 86' lang='lat' dir='ltr'>vento</span> <span class='ocrx_word' id='word_1_25' title='bbox 927 619 1121 660; x_wconf 86' lang='lat' dir='ltr'>tenuisse</span> <span class='ocrx_word' id='word_1_26' title='bbox 1143 620 1334 662; x_wconf 84' lang='lat' dir='ltr'>carinas.</span> 
     </span>
    </p>

    <p class='ocr_par' dir='ltr' id='par_1_6' title="bbox 272 683 1591 742">
     <span class='ocr_line' id='line_1_6' title="bbox 272 683 1591 742; baseline 0.009 -22"><span class='ocrx_word' id='word_1_27' title='bbox 272 683 418 730; x_wconf 73' lang='lat' dir='ltr'>Quam</span> <span class='ocrx_word' id='word_1_28' title='bbox 429 686 477 724; x_wconf 86' lang='lat' dir='ltr'>tu</span> <span class='ocrx_word' id='word_1_29' title='bbox 488 685 662 732; x_wconf 84' lang='lat' dir='ltr'>urbem,</span> <span class='ocrx_word' id='word_1_30' title='bbox 675 694 817 733; x_wconf 84' lang='lat' dir='ltr'>soror,</span> <span class='ocrx_word' id='word_1_31' title='bbox 830 685 947 728; x_wconf 85' lang='lat' dir='ltr'>hanc</span> <span class='ocrx_word' id='word_1_32' title='bbox 959 697 1127 736; x_wconf 82' lang='lat' dir='ltr'>cernes,</span> <span class='ocrx_word' id='word_1_33' title='bbox 1141 698 1236 739; x_wconf 78' lang='lat' dir='ltr'>quae</span> <span class='ocrx_word' id='word_1_34' title='bbox 1247 698 1427 740; x_wconf 66' lang='lat' dir='ltr'>surgere</span> <span class='ocrx_word' id='word_1_35' title='bbox 1439 700 1591 742; x_wconf 84' lang='lat' dir='ltr'>regna.</span> 
     </span>
    </p>

    <p class='ocr_par' dir='ltr' id='par_1_7' title="bbox 268 750 1368 803">
     <span class='ocr_line' id='line_1_7' title="bbox 268 750 1368 803; baseline 0.005 -13"><span class='ocrx_word' id='word_1_36' title='bbox 268 750 492 803; x_wconf 73' lang='lat' dir='ltr'>conjugIO</span> <span class='ocrx_word' id='word_1_37' title='bbox 516 752 611 792; x_wconf 77' lang='lat' dir='ltr'>tali!</span> <span class='ocrx_word' id='word_1_38' title='bbox 635 750 852 794; x_wconf 74' lang='lat' dir='ltr'>Teucrum</span> <span class='ocrx_word' id='word_1_39' title='bbox 874 754 1191 796; x_wconf 77' lang='lat' dir='ltr'>comitantibus</span> <span class='ocrx_word' id='word_1_40' title='bbox 1211 756 1368 797; x_wconf 81' lang='lat' dir='ltr'>armis.</span> 
     </span>
    </p>

    <p class='ocr_par' dir='ltr' id='par_1_8' title="bbox 266 820 1257 874">
     <span class='ocr_line' id='line_1_8' title="bbox 266 820 1257 874; baseline 0.006 -16"><span class='ocrx_word' id='word_1_41' title='bbox 266 820 436 861; x_wconf 88' lang='lat' dir='ltr'>Punica</span> <span class='ocrx_word' id='word_1_42' title='bbox 455 832 501 862; x_wconf 92' lang='lat' dir='ltr'>se</span> <span class='ocrx_word' id='word_1_43' title='bbox 521 820 696 873; x_wconf 86' lang='lat' dir='ltr'>quantis</span> <span class='ocrx_word' id='word_1_44' title='bbox 723 820 914 863; x_wconf 85' lang='lat' dir='ltr'>adtollet</span> <span class='ocrx_word' id='word_1_45' title='bbox 934 822 1074 874; x_wconf 79' lang='lat' dir='ltr'>gloria</span> <span class='ocrx_word' id='word_1_46' title='bbox 1099 826 1257 866; x_wconf 82' lang='lat' dir='ltr'>rebus!</span> 
     </span>
    </p>

    <p class='ocr_par' dir='ltr' id='par_1_9' title="bbox 268 887 1385 944">
     <span class='ocr_line' id='line_1_9' title="bbox 268 887 1385 944; baseline 0.007 -17"><span class='ocrx_word' id='word_1_47' title='bbox 268 891 333 928; x_wconf 76' lang='lat' dir='ltr'>&#39;su</span> <span class='ocrx_word' id='word_1_48' title='bbox 353 887 487 930; x_wconf 85' lang='lat' dir='ltr'>modo</span> <span class='ocrx_word' id='word_1_49' title='bbox 506 900 638 943; x_wconf 88' lang='lat' dir='ltr'>posce</span> <span class='ocrx_word' id='word_1_50' title='bbox 659 890 764 932; x_wconf 87' lang='lat' dir='ltr'>deos</span> <span class='ocrx_word' id='word_1_51' title='bbox 782 892 958 935; x_wconf 90' lang='lat' dir='ltr'>veniam</span> <span class='ocrx_word' id='word_1_52' title='bbox 979 923 987 940; x_wconf 94' lang='lat'><em>,</em></span> <span class='ocrx_word' id='word_1_53' title='bbox 1010 893 1231 944; x_wconf 82' lang='lat' dir='ltr'>sacrisque</span> <span class='ocrx_word' id='word_1_54' title='bbox 1252 893 1385 935; x_wconf 85' lang='lat' dir='ltr'>litatis</span> 
     </span>
    </p>

    <p class='ocr_par' dir='ltr' id='par_1_10' title="bbox 266 957 1376 1013">
     <span class='ocr_line' id='line_1_10' title="bbox 266 957 1376 1013; baseline 0.005 -16"><span class='ocrx_word' id='word_1_55' title='bbox 266 957 451 1010; x_wconf 80' lang='lat' dir='ltr'>Indulge</span> <span class='ocrx_word' id='word_1_56' title='bbox 469 960 675 1013; x_wconf 87' lang='lat' dir='ltr'>hospitio,</span> <span class='ocrx_word' id='word_1_57' title='bbox 695 972 932 1013; x_wconf 75' lang='lat' dir='ltr'>causasque</span> <span class='ocrx_word' id='word_1_58' title='bbox 947 961 1126 1003; x_wconf 82' lang='lat' dir='ltr'>innecte</span> <span class='ocrx_word' id='word_1_59' title='bbox 1144 963 1376 1011; x_wconf 76' lang='lat' dir='ltr'>morandi;</span> 
     </span>
    </p>

    <p class='ocr_par' dir='ltr' id='par_1_11' title="bbox 267 1027 1401 1081">
     <span class='ocr_line' id='line_1_11' title="bbox 267 1027 1401 1081; baseline 0.004 -16"><span class='ocrx_word' id='word_1_60' title='bbox 267 1028 384 1067; x_wconf 86' lang='lat' dir='ltr'>Dum</span> <span class='ocrx_word' id='word_1_61' title='bbox 399 1027 557 1079; x_wconf 78' lang='lat' dir='ltr'>pelago</span> <span class='ocrx_word' id='word_1_62' title='bbox 577 1027 758 1070; x_wconf 60' lang='lat' dir='ltr'>desaevit</span> <span class='ocrx_word' id='word_1_63' title='bbox 776 1028 943 1077; x_wconf 87' lang='lat' dir='ltr'>hiems,</span> <span class='ocrx_word' id='word_1_64' title='bbox 964 1030 1008 1069; x_wconf 90' lang='lat' dir='ltr'>et</span> <span class='ocrx_word' id='word_1_65' title='bbox 1028 1039 1218 1081; x_wconf 88' lang='lat' dir='ltr'>aquosus</span> <span class='ocrx_word' id='word_1_66' title='bbox 1234 1029 1401 1075; x_wconf 80' lang='lat' dir='ltr'>Orion,</span> 
     </span>
    </p>

    <p class='ocr_par' dir='ltr' id='par_1_12' title="bbox 267 1098 1528 1217">
     <span class='ocr_line' id='line_1_12' title="bbox 267 1098 1479 1150; baseline 0 -14"><span class='ocrx_word' id='word_1_67' title='bbox 267 1099 579 1150; x_wconf 82' lang='lat' dir='ltr'>Quassataeque</span> <span class='ocrx_word' id='word_1_68' title='bbox 596 1101 713 1141; x_wconf 83' lang='lat' dir='ltr'>rates</span> <span class='ocrx_word' id='word_1_69' title='bbox 732 1130 741 1146; x_wconf 93' lang='lat'><strong><em>‚</em></strong></span> <span class='ocrx_word' id='word_1_70' title='bbox 763 1099 869 1142; x_wconf 81' lang='lat' dir='ltr'>dum</span> <span class='ocrx_word' id='word_1_71' title='bbox 890 1109 985 1139; x_wconf 87' lang='lat' dir='ltr'>non</span> <span class='ocrx_word' id='word_1_72' title='bbox 1003 1099 1231 1141; x_wconf 78' lang='lat' dir='ltr'>tractabile</span> <span class='ocrx_word' id='word_1_73' title='bbox 1254 1098 1432 1141; x_wconf 58' lang='lat' dir='ltr'>coelum.</span> <span class='ocrx_word' id='word_1_74' title='bbox 1464 1116 1479 1136; x_wconf 63' lang='grc' dir='ltr'>ι»</span> 
     </span>
     <span class='ocr_line' id='line_1_13' title="bbox 319 1167 1528 1217; baseline 0.005 -11"><span class='ocrx_word' id='word_1_75' title='bbox 319 1168 399 1208; x_wconf 88' lang='lat' dir='ltr'>l-Iis</span> <span class='ocrx_word' id='word_1_76' title='bbox 418 1167 545 1210; x_wconf 88' lang='lat' dir='ltr'>dictis</span> <span class='ocrx_word' id='word_1_77' title='bbox 566 1171 797 1211; x_wconf 84' lang='lat' dir='ltr'>incensum</span> <span class='ocrx_word' id='word_1_78' title='bbox 815 1169 1018 1211; x_wconf 87' lang='lat' dir='ltr'>animum</span> <span class='ocrx_word' id='word_1_79' title='bbox 1037 1170 1334 1211; x_wconf 70' lang='lat' dir='ltr'>inflammavit</span> <span class='ocrx_word' id='word_1_80' title='bbox 1350 1180 1502 1212; x_wconf 82' lang='lat' dir='ltr'>amore</span> <span class='ocrx_word' id='word_1_81' title='bbox 1518 1199 1528 1217; x_wconf 93' lang='lat'><em>,</em></span> 
     </span>
    </p>

    <p class='ocr_par' dir='ltr' id='par_1_13' title="bbox 264 1242 1468 1297">
     <span class='ocr_line' id='line_1_14' title="bbox 264 1242 1468 1297; baseline 0.002 -17"><span class='ocrx_word' id='word_1_82' title='bbox 264 1243 487 1294; x_wconf 82' lang='lat' dir='ltr'>Spemque·</span> <span class='ocrx_word' id='word_1_83' title='bbox 502 1242 623 1284; x_wconf 85' lang='lat' dir='ltr'>dedit</span> <span class='ocrx_word' id='word_1_84' title='bbox 644 1242 793 1284; x_wconf 65' lang='lat' dir='ltr'>dubiae</span> <span class='ocrx_word' id='word_1_85' title='bbox 809 1244 951 1285; x_wconf 88' lang='lat' dir='ltr'>menti</span> <span class='ocrx_word' id='word_1_86' title='bbox 970 1274 981 1294; x_wconf 89' lang='grc'>,</span> <span class='ocrx_word' id='word_1_87' title='bbox 1002 1243 1220 1296; x_wconf 79' lang='lat' dir='ltr'>solvitque</span> <span class='ocrx_word' id='word_1_88' title='bbox 1234 1242 1468 1297; x_wconf 84' lang='lat' dir='ltr'>pudorem.</span> 
     </span>
    </p>

    <p class='ocr_par' dir='ltr' id='par_1_14' title="bbox 266 1310 1373 1366">
     <span class='ocr_line' id='line_1_15' title="bbox 266 1310 1373 1366; baseline 0.004 -18"><span class='ocrx_word' id='word_1_89' title='bbox 266 1310 495 1363; x_wconf 81' lang='lat' dir='ltr'>Principio</span> <span class='ocrx_word' id='word_1_90' title='bbox 513 1311 694 1354; x_wconf 90' lang='lat' dir='ltr'>delubra</span> <span class='ocrx_word' id='word_1_91' title='bbox 715 1310 897 1363; x_wconf 81' lang='lat' dir='ltr'>adeunt,</span> <span class='ocrx_word' id='word_1_92' title='bbox 913 1322 1158 1365; x_wconf 74' lang='lat' dir='ltr'>pacemque</span> <span class='ocrx_word' id='word_1_93' title='bbox 1179 1322 1256 1366; x_wconf 87' lang='lat' dir='ltr'>per</span> <span class='ocrx_word' id='word_1_94' title='bbox 1276 1322 1373 1352; x_wconf 82' lang='lat' dir='ltr'>aras</span> 
     </span>
    </p>
   </div>
   <div class='ocr_carea' id='block_1_3' title="bbox 199 1374 1358 1433">
    <p class='ocr_par' dir='ltr' id='par_1_15' title="bbox 199 1374 1358 1433">
     <span class='ocr_line' id='line_1_16' title="bbox 199 1374 1358 1433; baseline 0.003 -14"><span class='ocrx_word' id='word_1_95' title='bbox 199 1374 202 1377; x_wconf 82' lang='grc'><strong>’</strong></span> <span class='ocrx_word' id='word_1_96' title='bbox 262 1380 513 1433; x_wconf 80' lang='lat' dir='ltr'>Exquirunt</span> <span class='ocrx_word' id='word_1_97' title='bbox 534 1398 542 1422; x_wconf 94' lang='lat'><strong>:</strong></span> <span class='ocrx_word' id='word_1_98' title='bbox 565 1384 762 1423; x_wconf 83' lang='lat' dir='ltr'>mactant</span> <span class='ocrx_word' id='word_1_99' title='bbox 781 1382 916 1425; x_wconf 83' lang='lat' dir='ltr'>lectas</span> <span class='ocrx_word' id='word_1_100' title='bbox 933 1382 988 1424; x_wconf 88' lang='lat' dir='ltr'>de</span> <span class='ocrx_word' id='word_1_101' title='bbox 1007 1392 1134 1423; x_wconf 85' lang='lat' dir='ltr'>more</span> <span class='ocrx_word' id='word_1_102' title='bbox 1155 1382 1358 1424; x_wconf 78' lang='lat' dir='ltr'>bidentes</span> 
     </span>
    </p>
   </div>
   <div class='ocr_carea' id='block_1_4' title="bbox 259 1450 1469 2485">
    <p class='ocr_par' dir='ltr' id='par_1_16' title="bbox 264 1450 1367 1575">
     <span class='ocr_line' id='line_1_17' title="bbox 264 1450 1367 1505; baseline 0.007 -17"><span class='ocrx_word' id='word_1_103' title='bbox 264 1450 474 1502; x_wconf 73' lang='lat' dir='ltr'>Legiterae</span> <span class='ocrx_word' id='word_1_104' title='bbox 492 1452 654 1498; x_wconf 82' lang='lat' dir='ltr'>Cereri.</span> <span class='ocrx_word' id='word_1_105' title='bbox 678 1451 936 1505; x_wconf 83' lang='lat' dir='ltr'>Phoeboque</span> <span class='ocrx_word' id='word_1_106' title='bbox 954 1483 962 1500; x_wconf 95' lang='lat'><strong>‚</strong></span> <span class='ocrx_word' id='word_1_107' title='bbox 985 1452 1191 1504; x_wconf 84' lang='lat' dir='ltr'>patrique</span> <span class='ocrx_word' id='word_1_108' title='bbox 1212 1455 1367 1504; x_wconf 76' lang='lat' dir='ltr'>Lyaeo:</span> 
     </span>
     <span class='ocr_line' id='line_1_18' title="bbox 265 1521 1337 1575; baseline 0.003 -16"><span class='ocrx_word' id='word_1_109' title='bbox 265 1521 431 1563; x_wconf 85' lang='lat' dir='ltr'>Junoni</span> <span class='ocrx_word' id='word_1_110' title='bbox 447 1524 548 1564; x_wconf 85' lang='lat' dir='ltr'>ante</span> <span class='ocrx_word' id='word_1_111' title='bbox 569 1533 738 1574; x_wconf 83' lang='lat' dir='ltr'>omnes,</span> <span class='ocrx_word' id='word_1_112' title='bbox 758 1524 830 1565; x_wconf 88' lang='lat' dir='ltr'>cui</span> <span class='ocrx_word' id='word_1_113' title='bbox 850 1522 1000 1566; x_wconf 88' lang='lat' dir='ltr'>vincla</span> <span class='ocrx_word' id='word_1_114' title='bbox 1017 1522 1184 1575; x_wconf 82' lang='lat' dir='ltr'>jugalia</span> <span class='ocrx_word' id='word_1_115' title='bbox 1203 1534 1337 1566; x_wconf 82' lang='lat' dir='ltr'>curae.</span> 
     </span>
    </p>

    <p class='ocr_par' dir='ltr' id='par_1_17' title="bbox 261 1591 1419 1710">
     <span class='ocr_line' id='line_1_19' title="bbox 263 1591 1419 1646; baseline 0.002 -16"><span class='ocrx_word' id='word_1_116' title='bbox 263 1593 360 1644; x_wconf 88' lang='lat' dir='ltr'>Ipsa</span> <span class='ocrx_word' id='word_1_117' title='bbox 378 1623 386 1639; x_wconf 90' lang='lat'><em>‚</em></span> <span class='ocrx_word' id='word_1_118' title='bbox 410 1595 564 1636; x_wconf 86' lang='lat' dir='ltr'>tenens</span> <span class='ocrx_word' id='word_1_119' title='bbox 581 1593 737 1636; x_wconf 82' lang='lat' dir='ltr'>dextra</span> <span class='ocrx_word' id='word_1_120' title='bbox 756 1595 971 1646; x_wconf 84' lang='lat' dir='ltr'>pateram,</span> <span class='ocrx_word' id='word_1_121' title='bbox 996 1591 1288 1645; x_wconf 82' lang='lat' dir='ltr'>pulcherrima</span> <span class='ocrx_word' id='word_1_122' title='bbox 1306 1591 1419 1633; x_wconf 86' lang='lat' dir='ltr'>Dido</span> 
     </span>
     <span class='ocr_line' id='line_1_20' title="bbox 261 1661 1345 1710; baseline 0.003 -9"><span class='ocrx_word' id='word_1_123' title='bbox 261 1661 501 1705; x_wconf 75' lang='lat' dir='ltr'>candentis</span> <span class='ocrx_word' id='word_1_124' title='bbox 518 1674 663 1707; x_wconf 79' lang='lat' dir='ltr'>vaceae</span> <span class='ocrx_word' id='word_1_125' title='bbox 684 1662 831 1705; x_wconf 88' lang='lat' dir='ltr'>media</span> <span class='ocrx_word' id='word_1_126' title='bbox 847 1665 964 1705; x_wconf 87' lang='lat' dir='ltr'>inter</span> <span class='ocrx_word' id='word_1_127' title='bbox 982 1673 1151 1705; x_wconf 81' lang='lat' dir='ltr'>cornua</span> <span class='ocrx_word' id='word_1_128' title='bbox 1172 1662 1345 1710; x_wconf 77' lang='lat' dir='ltr'>[uiidit3</span> 
     </span>
    </p>

    <p class='ocr_par' dir='ltr' id='par_1_18' title="bbox 259 1730 1391 1925">
     <span class='ocr_line' id='line_1_21' title="bbox 263 1730 1390 1786; baseline 0.003 -16"><span class='ocrx_word' id='word_1_129' title='bbox 263 1734 353 1771; x_wconf 87' lang='lat' dir='ltr'>Aut</span> <span class='ocrx_word' id='word_1_130' title='bbox 373 1735 475 1774; x_wconf 91' lang='lat' dir='ltr'>ante</span> <span class='ocrx_word' id='word_1_131' title='bbox 494 1743 573 1774; x_wconf 84' lang='lat' dir='ltr'>ora</span> <span class='ocrx_word' id='word_1_132' title='bbox 590 1732 725 1774; x_wconf 76' lang='lat' dir='ltr'>deum</span> <span class='ocrx_word' id='word_1_133' title='bbox 745 1732 931 1786; x_wconf 80' lang='lat' dir='ltr'>pingues</span> <span class='ocrx_word' id='word_1_134' title='bbox 958 1732 1175 1784; x_wconf 82' lang='lat' dir='ltr'>spatiatur</span> <span class='ocrx_word' id='word_1_135' title='bbox 1193 1730 1248 1772; x_wconf 85' lang='lat' dir='ltr'>ad</span> <span class='ocrx_word' id='word_1_136' title='bbox 1267 1742 1363 1773; x_wconf 85' lang='lat' dir='ltr'>aras</span> <span class='ocrx_word' id='word_1_137' title='bbox 1380 1764 1390 1781; x_wconf 84' lang='lat'><strong><em>,</em></strong></span> 
     </span>
     <span class='ocr_line' id='line_1_22' title="bbox 259 1801 1391 1855; baseline 0.002 -16"><span class='ocrx_word' id='word_1_138' title='bbox 259 1803 563 1854; x_wconf 76' lang='lat' dir='ltr'>instauratque</span> <span class='ocrx_word' id='word_1_139' title='bbox 579 1801 695 1844; x_wconf 82' lang='lat' dir='ltr'>diem</span> <span class='ocrx_word' id='word_1_140' title='bbox 712 1801 855 1850; x_wconf 89' lang='lat' dir='ltr'>donis,</span> <span class='ocrx_word' id='word_1_141' title='bbox 873 1801 1184 1855; x_wconf 81' lang='lat' dir='ltr'>pecudumque</span> <span class='ocrx_word' id='word_1_142' title='bbox 1204 1801 1391 1843; x_wconf 83' lang='lat' dir='ltr'>reclusis</span> 
     </span>
     <span class='ocr_line' id='line_1_23' title="bbox 263 1868 1287 1925; baseline 0.002 -18"><span class='ocrx_word' id='word_1_143' title='bbox 263 1868 524 1911; x_wconf 81' lang='lat' dir='ltr'>Pectoribus</span> <span class='ocrx_word' id='word_1_144' title='bbox 544 1870 721 1912; x_wconf 86' lang='lat' dir='ltr'>inhians</span> <span class='ocrx_word' id='word_1_145' title='bbox 738 1872 952 1925; x_wconf 88' lang='lat' dir='ltr'>spirantia</span> <span class='ocrx_word' id='word_1_146' title='bbox 967 1871 1160 1913; x_wconf 86' lang='lat' dir='ltr'>consulit</span> <span class='ocrx_word' id='word_1_147' title='bbox 1175 1874 1287 1912; x_wconf 76' lang='lat' dir='ltr'>exta.</span> 
     </span>
    </p>

    <p class='ocr_par' dir='ltr' id='par_1_19' title="bbox 260 1943 1469 2206">
     <span class='ocr_line' id='line_1_24' title="bbox 263 1943 1469 1997; baseline 0.001 -16"><span class='ocrx_word' id='word_1_148' title='bbox 263 1944 375 1985; x_wconf 78' lang='lat' dir='ltr'>Heu!</span> <span class='ocrx_word' id='word_1_149' title='bbox 396 1946 548 1986; x_wconf 85' lang='lat' dir='ltr'>vatum</span> <span class='ocrx_word' id='word_1_150' title='bbox 565 1946 732 1997; x_wconf 80' lang='lat' dir='ltr'>ignarae</span> <span class='ocrx_word' id='word_1_151' title='bbox 750 1946 946 1987; x_wconf 75' lang='lat' dir='ltr'>mentes!</span> <span class='ocrx_word' id='word_1_152' title='bbox 970 1944 1076 1997; x_wconf 86' lang='lat' dir='ltr'>quid</span> <span class='ocrx_word' id='word_1_153' title='bbox 1100 1947 1206 1986; x_wconf 85' lang='lat' dir='ltr'>vota</span> <span class='ocrx_word' id='word_1_154' title='bbox 1223 1943 1469 1994; x_wconf 73' lang='lat' dir='ltr'>furentem,</span> 
     </span>
     <span class='ocr_line' id='line_1_25' title="bbox 264 2011 1455 2065; baseline 0.003 -15"><span class='ocrx_word' id='word_1_155' title='bbox 264 2012 382 2062; x_wconf 79' lang='lat' dir='ltr'>Quid</span> <span class='ocrx_word' id='word_1_156' title='bbox 400 2011 793 2065; x_wconf 83' lang='lat' dir='ltr'>delubrajuvant?</span> <span class='ocrx_word' id='word_1_157' title='bbox 812 2017 891 2056; x_wconf 90' lang='lat' dir='ltr'>Est</span> <span class='ocrx_word' id='word_1_158' title='bbox 913 2014 1047 2056; x_wconf 86' lang='lat' dir='ltr'>molis</span> <span class='ocrx_word' id='word_1_159' title='bbox 1064 2011 1241 2055; x_wconf 86' lang='lat' dir='ltr'>flamma</span> <span class='ocrx_word' id='word_1_160' title='bbox 1259 2012 1455 2055; x_wconf 82' lang='lat' dir='ltr'>medulla</span> 
     </span>
     <span class='ocr_line' id='line_1_26' title="bbox 261 2075 1346 2138; baseline 0.001 -17"><span class='ocrx_word' id='word_1_161' title='bbox 261 2085 448 2129; x_wconf 65' lang='lat' dir='ltr'>interea,</span> <span class='ocrx_word' id='word_1_162' title='bbox 471 2075 514 2126; x_wconf 70' lang='lat' dir='ltr'>et</span> <span class='ocrx_word' id='word_1_163' title='bbox 526 2084 711 2126; x_wconf 86' lang='lat' dir='ltr'>tacitum</span> <span class='ocrx_word' id='word_1_164' title='bbox 730 2084 841 2125; x_wconf 81' lang='lat' dir='ltr'>vivit</span> <span class='ocrx_word' id='word_1_165' title='bbox 861 2085 941 2126; x_wconf 86' lang='lat' dir='ltr'>sub</span> <span class='ocrx_word' id='word_1_166' title='bbox 959 2086 1144 2138; x_wconf 83' lang='lat' dir='ltr'>pectore</span> <span class='ocrx_word' id='word_1_167' title='bbox 1164 2083 1346 2125; x_wconf 84' lang='lat' dir='ltr'>vulnus.</span> 
     </span>
     <span class='ocr_line' id='line_1_27' title="bbox 260 2152 1196 2206; baseline 0.002 -15"><span class='ocrx_word' id='word_1_168' title='bbox 260 2153 418 2193; x_wconf 77' lang='lat' dir='ltr'>Uritur</span> <span class='ocrx_word' id='word_1_169' title='bbox 435 2152 588 2196; x_wconf 79' lang='lat' dir='ltr'>infelix</span> <span class='ocrx_word' id='word_1_170' title='bbox 607 2152 733 2201; x_wconf 86' lang='lat' dir='ltr'>Dido,</span> <span class='ocrx_word' id='word_1_171' title='bbox 751 2155 929 2206; x_wconf 80' lang='lat' dir='ltr'>totaque</span> <span class='ocrx_word' id='word_1_172' title='bbox 949 2155 1136 2205; x_wconf 79' lang='lat' dir='ltr'>vagatur</span> <span class='ocrx_word' id='word_1_173' title='bbox 1191 2169 1196 2170; x_wconf 41' lang='lat'><em>⁷</em></span> 
     </span>
    </p>

    <p class='ocr_par' dir='ltr' id='par_1_20' title="bbox 262 2211 1454 2485">
     <span class='ocr_line' id='line_1_28' title="bbox 265 2211 1311 2275; baseline 0.001 -13"><span class='ocrx_word' id='word_1_174' title='bbox 265 2223 380 2264; x_wconf 81' lang='lat' dir='ltr'>Urbe</span> <span class='ocrx_word' id='word_1_175' title='bbox 405 2222 552 2265; x_wconf 81' lang='lat' dir='ltr'>furens</span> <span class='ocrx_word' id='word_1_176' title='bbox 574 2239 583 2263; x_wconf 90' lang='lat'><strong>:</strong></span> <span class='ocrx_word' id='word_1_177' title='bbox 602 2211 741 2275; x_wconf 86' lang='lat' dir='ltr'>qualis</span> <span class='ocrx_word' id='word_1_178' title='bbox 760 2226 962 2273; x_wconf 87' lang='lat' dir='ltr'>conjecta</span> <span class='ocrx_word' id='word_1_179' title='bbox 979 2234 1111 2265; x_wconf 80' lang='lat' dir='ltr'>cerva</span> <span class='ocrx_word' id='word_1_180' title='bbox 1129 2223 1311 2275; x_wconf 79' lang='lat' dir='ltr'>sagitta,</span> 
     </span>
     <span class='ocr_line' id='line_1_29' title="bbox 262 2291 1454 2346; baseline -0.001 -14"><span class='ocrx_word' id='word_1_181' title='bbox 262 2297 403 2341; x_wconf 79' lang='lat' dir='ltr'>Quam</span> <span class='ocrx_word' id='word_1_182' title='bbox 420 2292 576 2346; x_wconf 82' lang='lat' dir='ltr'>procul</span> <span class='ocrx_word' id='word_1_183' title='bbox 596 2293 822 2334; x_wconf 82' lang='lat' dir='ltr'>incautam</span> <span class='ocrx_word' id='word_1_184' title='bbox 843 2303 1026 2335; x_wconf 87' lang='lat' dir='ltr'>nemora</span> <span class='ocrx_word' id='word_1_185' title='bbox 1052 2294 1171 2334; x_wconf 87' lang='lat' dir='ltr'>inter</span> <span class='ocrx_word' id='word_1_186' title='bbox 1188 2293 1336 2334; x_wconf 68' lang='lat' dir='ltr'>Cresia</span> <span class='ocrx_word' id='word_1_187' title='bbox 1360 2291 1454 2334; x_wconf 83' lang='lat' dir='ltr'>fixit</span> 
     </span>
     <span class='ocr_line' id='line_1_30' title="bbox 264 2360 1329 2415; baseline 0.002 -15"><span class='ocrx_word' id='word_1_188' title='bbox 264 2362 418 2402; x_wconf 83' lang='lat' dir='ltr'>Pastor</span> <span class='ocrx_word' id='word_1_189' title='bbox 438 2372 569 2415; x_wconf 81' lang='lat' dir='ltr'>agens</span> <span class='ocrx_word' id='word_1_190' title='bbox 601 2361 715 2413; x_wconf 83' lang='lat' dir='ltr'>telis,</span> <span class='ocrx_word' id='word_1_191' title='bbox 733 2361 947 2415; x_wconf 86' lang='lat' dir='ltr'>liquitque</span> <span class='ocrx_word' id='word_1_192' title='bbox 965 2361 1143 2405; x_wconf 84' lang='lat' dir='ltr'>volatile</span> <span class='ocrx_word' id='word_1_193' title='bbox 1161 2360 1329 2404; x_wconf 81' lang='lat' dir='ltr'>ferrum</span> 
     </span>
     <span class='ocr_line' id='line_1_31' title="bbox 263 2431 1289 2485; baseline 0.002 -15"><span class='ocrx_word' id='word_1_194' title='bbox 263 2431 445 2474; x_wconf 78' lang='lat' dir='ltr'>Nescius</span> <span class='ocrx_word' id='word_1_195' title='bbox 460 2447 470 2480; x_wconf 70' lang='grc' dir='ltr'><strong>ς</strong></span> <span class='ocrx_word' id='word_1_196' title='bbox 488 2432 562 2474; x_wconf 87' lang='lat' dir='ltr'>illa</span> <span class='ocrx_word' id='word_1_197' title='bbox 581 2431 679 2484; x_wconf 73' lang='lat' dir='ltr'>luga</span> <span class='ocrx_word' id='word_1_198' title='bbox 699 2432 731 2473; x_wconf 88' lang='lat' dir='ltr'>si</span> <span class='ocrx_word' id='word_1_199' title='bbox 742 2431 830 2474; x_wconf 81' lang='lat' dir='ltr'>[vas</span> <span class='ocrx_word' id='word_1_200' title='bbox 849 2432 1072 2485; x_wconf 83' lang='lat' dir='ltr'>saltusque</span> <span class='ocrx_word' id='word_1_201' title='bbox 1088 2435 1289 2485; x_wconf 72' lang='lat' dir='ltr'>peragrat</span> 
     </span>
    </p>
   </div>
   <div class='ocr_carea' id='block_1_5' title="bbox 1344 2521 1389 2560">
    <p class='ocr_par' dir='ltr' id='par_1_21' title="bbox 1344 2521 1389 2560">
     <span class='ocr_line' id='line_1_32' title="bbox 1344 2521 1389 2560; baseline 0.044 -5"><span class='ocrx_word' id='word_1_202' title='bbox 1344 2521 1389 2560; x_wconf 61' lang='lat'>155</span> 
     </span>
    </p>
   </div>
  </div>
 </body>
</html>
