1917 2942
292 376 367 414 238
815 372 1071 412 AENEIDOS
1521 373 1568 410 67

289 459 516 512 Unguibus
538 469 614 499 ora
638 468 763 501 soror
783 457 950 498 t‘oedaus
968 490 975 502 ,
993 460 1036 498 et
1056 459 1239 510 pectora
1255 457 1411 510 pugnis
1431 489 1439 502 ,

292 532 379 571 Per
393 528 564 569 medios
584 529 699 574 ruit,
723 539 773 569 ac
790 528 1057 569 morientem
1075 527 1258 568 1101111110
1275 526 1438 568 clamat
1457 543 1464 565 :

347 614 362 635 α
391 601 486 639 Hoc
508 596 615 639 illud
633 629 640 640 .
664 607 876 648 germana
891 627 900 643 ‚
927 595 1037 636 fuit?
1058 607 1128 637 1110
1148 595 1300 637 fraude
1320 596 1528 650 petebas?

292 671 387 709 Hoc
413 677 547 719 rogus
568 667 647 707 iste
663 665 798 715 mihi,
821 664 906 706 1100
926 666 1050 716 ignes
1067 675 1241 716 araeque
1261 665 1509 717 parabant?

286 735 401 785 Quid
418 736 614 788 primum
634 735 806 776 deserta
826 736 1021 787 querar?
1043 733 1310 776 comitemne
1330 744 1532 776 sororem

285 804 494 858 Sprevisti
511 804 732 846 moriens?
752 803 918 845 Eadem
938 814 1010 845 me
1030 802 1085 845 ad
1106 802 1194 845 fata
1214 814 1417 845 vocasses
1440 818 1450 841 ε

290 873 417 914 Idem
439 873 586 914 ambas
602 871 723 914 ferro
744 871 894 916 dolor,
928 874 1057 924 atque
1077 872 1231 913 eadem
1251 870 1383 916 hora,
1408 871 1590 912 tulisset.

289 944 369 985 His
389 943 520 985 etiam
540 943 677 983 struxi
698 942 925 988 manibus,
945 943 1197 995 patriosque
1214 941 1371 983 vocavi

288 1014 405 1054 Voce
426 1013 556 1057 deos,
578 1013 641 1054 sic
660 1015 699 1052 te
722 1013 771 1052 ut
790 1011 933 1064 posita
952 1042 960 1058 ‚
982 1010 1197 1057 crudelis,
1222 1010 1441 1052 abessem!

287 1081 505 1122 Exstinxti
525 1091 597 1122 me
619 1084 762 1133 teque,
785 1091 939 1127 soror,
965 1080 1290 1133 populumque,
1310 1083 1542 1134 patresque

289 1150 492 1192 Sidonios
507 1182 516 1194 .‚
538 1150 782 1203 urbemque
806 1151 944 1191 tuam.
969 1152 1080 1192 Date
1100 1151 1285 1192 vulnera
1303 1150 1496 1205 lymphis
1514 1167 1523 1197 ;

292 1222 506 1267 Abluaim
529 1222 573 1262 et
588 1255 597 1268 ,
615 1222 834 1262 extremus
855 1220 887 1261 si
909 1221 1006 1274 quis
1026 1232 1157 1274 super
1181 1221 1345 1263 halitus
1366 1224 1508 1267 errat.

289 1293 378 1332 Ore
397 1289 558 1343 legam.
578 1306 594 1327 »
620 1291 691 1331 Sic
708 1289 813 1335 fata,
832 1291 990 1342 gradus
1009 1294 1207 1332 evaserat
1225 1292 1335 1333 altos
1354 1322 1363 1338 ,

291 1358 692 1409 semianimemque
710 1358 809 1399 sinu
828 1368 1088 1410 germanam
1109 1360 1307 1413 amplexa
1325 1358 1501 1401 fovebat

293 1432 404 1469 Cum
423 1429 615 1481 gemitu,
649 1430 779 1481 atque
800 1430 918 1470 atros
938 1428 1131 1470 siccabat
1154 1430 1271 1471 veste
1292 1439 1485 1471 cruores.

354 1496 461 1543 Illa,
483 1507 637 1549 graves
658 1497 810 1540 oculos
829 1500 989 1539 conata
1020 1498 1240 1541 adtollere
1258 1530 1268 1546 ‚
1287 1510 1439 1540 rursus

296 1565 457 1607 Deficit
478 1581 486 1602 ι
512 1565 697 1607 infixum
717 1565 864 1607 stridit
883 1566 962 1606 sub
991 1569 1172 1618 pectore
1191 1569 1372 1609 vulnus.

295 1639 382 1678 Ter
401 1647 495 1679 sese
516 1635 736 1677 adtollens
757 1636 996 1688 cubitoque
1017 1635 1356 1678 adnixalevavit
1374 1651 1384 1674 :

295 1709 380 1747 Ter
399 1707 603 1748 revoluta
625 1708 724 1746 toro
746 1708 836 1750 est.
859 1705 1087 1757 oculisque
1118 1705 1369 1747 errantibus
1392 1705 1487 1747 alto

297 1775 507 1825 Quaesivit
526 1775 641 1817 coelo
657 1775 826 1821 lucem,
850 1774 1149 1827 ingemuitque
1171 1774 1361 1828 reperta.

347 1848 460 1886 Tum
483 1848 602 1885 ,luno
626 1844 912 1897 omnipotens
933 1874 942 1890 ,
963 1843 1149 1896 longum
1167 1844 1373 1886 miserata
1392 1842 1591 1885 dolorem

298 1913 595 1965 Difficilesque
613 1914 682 1954 obi
691 1915 780 1961 tus,
804 1914 912 1953 Irim
932 1912 1107 1955 demisit
1125 1914 1331 1967 Olympo,

300 1987 406 2034 Quae
423 1985 669 2026 luctantem
690 1984 883 2025 animam
902 1993 1130 2036 nexosque
1148 1984 1392 2025 resolveret
1412 1987 1547 2025 artus.

300 2055 410 2095 Nam
427 2085 440 2104 ,
462 2053 566 2105 quia
586 2064 669 2095 nec
693 2051 780 2094 sato
796 2083 806 2100 ‚
829 2054 988 2095 merita
1007 2056 1272 2100 11001110110,
1294 2053 1490 2105 peribat,

304 2122 388 2164 Sed
408 2123 568 2164 misera
585 2125 687 2163 ante
703 2121 820 2163 diem
838 2154 846 2169 ,
868 2122 1107 2174 subitoque
1136 2119 1323 2163 adcensa
1339 2120 1515 2169 furore3

307 2193 341 2232 N
350 2187 518 2233 endum
537 2190 600 2232 illi
619 2188 778 2232 flavum
799 2190 1071 2244 Proserpina
1091 2190 1257 2232 vertice
1286 2191 1457 2233 crinem

310 2263 584 2309 Abstulerat,
603 2263 839 2314 Stygioque
861 2265 994 2315 caput
1020 2259 1307 2302 damnaverat
1325 2263 1456 2302 Orco.

308 2335 423 2384 Ergo
441 2332 536 2376 Iris,
559 2331 725 2373 croceis
744 2342 825 2383 per
840 2332 1002 2372 coelum
1019 2329 1194 2371 roseida
1222 2331 1401 2381 pennis,

310 2400 622 2450 Milletrahens
644 2401 792 2442 varios
823 2400 1009 2443 adverso
1028 2400 1119 2442 sole
1147 2399 1319 2441 colores
1339 2432 1346 2446 ,

307 2472 503 2518 Devolat,
532 2474 574 2513 et
595 2483 723 2524 supra
749 2474 878 2524 caput
900 2470 1069 2512 adstitit
1093 2487 1100 2510 ι
1126 2484 1139 2507 1
1162 2473 1291 2513 Hunc
1308 2481 1387 2522 ego
1410 2470 1494 2510 Diti

1576 375 1599 409 01
