1917 2942
321 325 399 364 234
850 321 1106 361 AENEIDOS
1553 320 1629 360 597

321 409 362 448 Si
380 406 503 453 milii,
522 418 618 460 quae
636 404 863 458 quondam
877 404 1036 451 fuerat,
1064 414 1237 457 quaque
1253 402 1480 457 improbus
1497 404 1580 444 iste

323 478 520 518 Exsultat
538 474 694 523 fidens.
717 475 752 517 si
772 486 894 516 nunc
914 474 1028 516 foret
1045 473 1123 514 illa
1137 475 1371 525 juventas3

323 545 452 588 Haud
472 545 679 599 equidem
700 545 844 597 pretio
859 543 1067 585 inductus
1085 541 1363 597 pulchroque
1376 543 1570 593 juvenco

322 616 549 658 venissem
565 631 575 662 ;
595 624 680 656 nec
697 612 816 654 dona
831 623 999 654 moror.
1022 627 1039 650 »
1062 612 1132 655 Sic
1148 610 1309 653 deinde
1328 613 1516 663 locutus,

322 687 376 725 In
396 683 593 725 medium
608 683 810 736 geminos
828 681 1014 723 immani
1032 680 1230 735 pondere
1247 682 1390 723 cestus

325 754 520 805 Projecit
539 784 549 803 ,
569 752 726 806 quibus
747 762 849 794 acer
865 755 983 804 Eryx
1001 751 1047 791 in
1063 751 1212 805 praelia
1229 753 1377 793 suetus

326 827 463 866 Ferre
482 834 680 870 manum,
703 822 904 875 duroque
923 820 1156 863 intendere
1170 820 1349 862 brachia
1370 823 1514 874 tergo.

327 895 612 946 Obstupuere
628 892 760 932 animi
781 907 790 931 ε
818 892 1046 932 tantorum
1066 890 1267 942 ingentia
1284 892 1455 942 septem

325 964 468 1014 Terga
492 960 626 1001 boum
646 959 830 1013 plumbo
850 960 1001 1000 insuto
1021 959 1229 1011 ferroque
1250 958 1467 1011 rigebant.

326 1036 443 1072 Ante
466 1016 619 1071 omnes
635 1032 783 1082 stupet
801 1030 895 1083 ipse
917 1031 1053 1070 Dares
1068 1060 1078 1079 ‚
1100 1029 1320 1081 longeque
1335 1030 1531 1076 recusat:

328 1101 729 1153 magnanimusque
745 1099 1034 1141 Anchisiades
1054 1101 1098 1141 et
1119 1098 1293 1151 pondus
1314 1099 1468 1152 etipsa

327 1174 428 1213 Huc
448 1170 555 1212 illuc
576 1170 827 1212 vinclorum
845 1169 1063 1211 immensa
1076 1168 1307 1209 volumina
1324 1172 1484 1211 versat.

327 1242 441 1281 Tum
457 1240 606 1281 senior
623 1239 729 1281 tales
748 1237 968 1281 referebat
987 1241 1168 1291 pectore
1188 1248 1317 1280 voces
1340 1253 1350 1276 2

330 1325 347 1346 «
369 1310 487 1359 Quid
507 1342 517 1362 ,
539 1311 575 1350 si
596 1310 693 1363 quis
714 1312 857 1351 cestus
877 1309 1012 1362 ipsius
1032 1313 1076 1350 et
1092 1307 1292 1350 Herculis
1311 1318 1433 1350 arma

327 1380 535 1426 vidisset,
554 1380 814 1431 tristemque
832 1379 919 1421 hoc
938 1380 1035 1432 ipso
1055 1378 1102 1418 in
1125 1378 1254 1420 litore
1274 1379 1503 1431 pugnam?

333 1453 438 1492 [laec
454 1460 695 1503 germanus
717 1452 838 1501 Eryx
860 1448 1088 1502 quondam
1106 1453 1206 1490 tuus
1224 1459 1345 1489 arma
1366 1448 1563 1501 gerebat.

331 1520 555 1572 Sanguine
568 1519 712 1562 cernis
729 1518 875 1560 adhuc
896 1517 1122 1571 fractoque
1142 1517 1302 1559 infecta
1318 1518 1513 1560 cerebro.

328 1590 408 1630 I-Iis
421 1599 631 1641 inagnum
646 1587 833 1630 Alciden
852 1590 1011 1629 contra
1031 1588 1151 1628 stetit
1169 1603 1178 1626 ι
1200 1587 1267 1628 his
1283 1597 1363 1639 ego
1378 1593 1549 1632 suetus.

327 1662 445 1701 Dum
466 1658 752 1701 meliorvires
766 1658 941 1708 sanguis
962 1657 1109 1705 dabat,
1130 1657 1287 1697 aemula
1303 1656 1496 1699 necdum

326 1728 615 1781 Temporibus
630 1727 814 1778 geminis
834 1727 1043 1773 canebat,
1063 1738 1211 1779 sparsa
1231 1729 1447 1769 senectus.

327 1797 433 1845 Sed,
450 1798 485 1839 si
503 1802 657 1839 nostra
679 1799 816 1839 Dares
835 1796 931 1839 haec
946 1799 1101 1839 Troms
1118 1807 1239 1837 arma
1261 1799 1464 1845 recusat,

329 1868 467 1922 quue
488 1869 560 1922 pio
576 1866 699 1910 sedet
717 1870 880 1915 AEneae‚
904 1867 1065 1920 probat
1081 1869 1238 1908 auctor
1256 1869 1434 1907 Acestes
1453 1881 1463 1913 ;

335 1942 573 1992 AEqucmus
593 1947 780 1990 pugnas.
798 1938 952 1987 Erycis
970 1936 1050 1978 tibi
1073 1939 1195 1989 terga
1213 1936 1417 1984 remitt03

332 2009 460 2049 solve
476 2012 639 2052 metus,
663 2008 707 2048 et
728 2008 775 2047 tu
790 2007 1004 2057 Trojanos
1024 2016 1130 2049 exue
1147 2008 1305 2048 cestus.
1332 2021 1349 2044 n

385 2079 423 2116 H
431 2087 492 2117 aec
510 2074 636 2123 fatus,
651 2075 876 2130 duplicem
894 2087 945 2118 ex
958 2076 1155 2118 humeris
1173 2076 1326 2128 rejecit
1343 2077 1555 2118 amictum
1571 2092 1581 2124 ;

334 2147 583 2201 Etmagnos
600 2144 904 2186 membrorum
922 2148 1047 2185 artus
1063 2176 1074 2195 ,
1092 2155 1251 2196 magua
1267 2154 1362 2185 ossa
1377 2143 1653 2195 lacertosque

333 2211 485 2258 Exuit,
504 2213 636 2262 atque
651 2211 807 2264 ingens
824 2210 969 2252 media
983 2211 1185 2253 consistit
1207 2222 1355 2254 arena.

388 2283 502 2320 Tum
525 2282 645 2320 satus
662 2280 855 2323 Anchisa
873 2282 1019 2322 cestus
1038 2283 1163 2333 pater
1179 2280 1332 2322 extulit
1352 2290 1516 2332 aequos,

335 2349 388 2388 Et
404 2347 581 2399 paribus
605 2347 767 2400 palmas
788 2347 1018 2390 amborum
1048 2347 1248 2389 innexuit
1266 2349 1415 2389 armis.

337 2416 544 2460 Constitit
562 2415 607 2458 iu
631 2416 792 2468 digitos
810 2416 1033 2471 extemplo
1056 2415 1261 2459 adi-ectus
1283 2419 1489 2470 uterque,
