1917 2942
191 304 264 343 721¹»
706 302 869 342 LIBER
899 303 992 341 XII.
1415 307 1482 346 1⁴7!

192 390 472 431 Concurrunt
488 387 654 439 clipeis.
674 389 836 440 Ingens
854 386 1004 440 fragor
1023 387 1186 431 aetliera
1200 390 1406 443 complet.

194 460 397 515 ¹Iuppiter
417 459 509 512 ipse
530 457 636 500 duas
652 463 824 510 aequato
844 458 1042 500 examine
1066 460 1216 502 lances

194 530 408 574 Sustinet,
432 532 477 571 et
491 527 577 569 tata
600 528 793 582 imponit
809 527 981 570 diversa
997 527 1208 577 duorum3

196 601 333 648 Quem
351 597 529 640 damnet
547 597 684 644 labor,
707 600 752 639 et
769 608 857 650 quo
876 602 1030 649 vergat
1050 598 1248 649 pondere
1265 599 1419 642 letum.

197 669 365 710 Emicat
385 668 481 714 hie,
505 669 688 722 impune
702 669 889 720 putans,
915 670 957 708 et
973 678 1158 721 corpore
1181 670 1274 710 toto

198 739 297 780 Alte
316 737 534 779 sublatum
557 736 785 789 consurgit
804 739 975 777 Turnus
995 737 1040 777 in
1063 748 1238 783 ensem,

198 811 249 848 Et
271 805 384 848 ferit.
405 808 659 858 Exclamant
678 806 813 847 Troe-s
830 805 1077 860 trepidique
1100 806 1268 856 Latini,

199 876 488 930 Adrectaeque
507 876 736 917 amborum
757 876 885 918 acies.
908 879 963 917 At
984 874 1176 929 pertidus
1196 876 1311 917 ensis

201 948 448 999 Frangitur,
471 948 517 987 in
536 946 773 998 medioque
790 945 1021 987 ardentem
1039 944 1204 987 deserit
1218 944 1309 987 ictu
1335 961 1345 984 ε

202 1014 250 1056 Ni
270 1014 370 1068 fuga
387 1013 579 1057 subsidio
594 1013 762 1056 subeat.
792 1014 924 1065 Fugit
943 1024 1084 1064 ocyor
1099 1016 1240 1061 Euro,

201 1086 258 1124 ut
273 1087 478 1137 capulum
496 1084 696 1137 ignotum
718 1083 1007 1135 dextramque
1028 1082 1227 1136 adspexit
1241 1083 1476 1126 inermem.

203 1156 336 1195 Fama
355 1156 421 1195 est
441 1153 710 1206 praeeipitrm
727 1184 735 1199 ,
755 1162 892 1204 quum
913 1152 1052 1204 prima
1066 1153 1112 1192 in
1133 1153 1278 1206 pree-lia
1291 1156 1470 1205 junctos

205 1222 537 1266 conscendebat
557 1232 693 1274 equos
712 1251 723 1273 ‚
744 1221 890 1275 patrio
907 1231 1123 1263 mucrone
1140 1222 1295 1264 relicto
1313 1253 1322 1268 ,

208 1295 320 1333 Dum
340 1290 530 1346 trepidat
548 1323 556 1337 ,
578 1291 743 1334 ferrum
764 1291 927 1343 aurigae
946 1292 1140 1344 rapuisse
1155 1292 1320 1334 Metisci
1341 1309 1352 1340 ;

204 1361 341 1415 quue
361 1361 460 1409 diu,
483 1360 588 1402 dum
608 1364 734 1413 terga
754 1361 919 1402 dabant
939 1361 1132 1413 palantia
1151 1364 1306 1404 Teucri
1324 1394 1334 1407 ,

210 1431 390 1472 Sut'i'ecit
408 1448 418 1480 ;
441 1435 674 1484 postquam
692 1442 814 1472 arma
829 1430 901 1472 dei
922 1428 977 1470 ad
1001 1431 1210 1473 Vulcania
1231 1436 1436 1481 ventum,

211 1501 402 1543 Mortalis
423 1512 601 1547 mucro,
625 1501 786 1553 glacies
804 1511 883 1542 ceu
905 1499 1061 1552 futilis,
1082 1501 1170 1543 ictu

211 1572 430 1618 Dissiluit3
452 1569 572 1612 fulva
589 1569 877 1624 resplendent
894 1567 1112 1621 fragmina
1132 1582 1280 1613 arena.

212 1644 325 1695 Ergo
341 1652 491 1683 amens
511 1641 682 1682 diversa
699 1638 797 1692 tuga
816 1639 927 1693 petit
945 1650 1125 1693 aequora
1147 1644 1342 1691 Turnus;

212 1713 267 1751 Et
284 1722 402 1752 nunc
419 1710 525 1752 huc.
546 1710 648 1751 inde
661 1708 750 1750 huc
766 1710 957 1751 incertos
976 1709 1171 1764 implicat
1187 1712 1332 1753 orbes.

216 1780 416 1834 Undique
432 1780 549 1823 enim
571 1780 705 1823 densa
721 1779 878 1820 Teucri
896 1778 1115 1822 inclusere
1134 1790 1300 1821 corona
1319 1796 1330 1828 ;

218 1852 359 1903 Atque
374 1851 480 1892 hino
495 1852 617 1891 vasta
636 1849 784 1903 palus,
804 1847 910 1889 hinc
928 1847 1064 1890 ardua
1082 1850 1247 1892 rnoenia
1266 1850 1465 1900 cingunt.

268 1923 359 1963 Nec
375 1921 519 1961 minus
538 1923 717 1965 AEneas,
742 1930 995 1971 quanquam
1018 1918 1186 1960 tardata
1207 1920 1363 1972 sagitta

215 1990 440 2031 Interdum
456 2001 600 2042 genua
619 1988 865 2042 impediunt
881 2020 889 2033 .
908 1999 1172 2040 cursumque
1192 1995 1422 2038 recusant,

217 2060 480 2113 Insequitur,
503 2060 749 2112 trepidique
768 2060 924 2114 pedem
947 2059 1057 2114 pede
1079 2058 1269 2102 fervidus
1288 2065 1414 2114 urget
1432 2078 1441 2102 ε

217 2131 435 2172 Inclusum
451 2130 585 2172 veluti
607 2130 642 2170 si
662 2128 840 2182 quando
869 2127 1048 2171 flumine
1069 2134 1223 2170 nactus

218 2202 423 2249 cervum,
447 2202 522 2241 aut
538 2200 744 2242 Punieeae
764 2202 939 2254 septum
960 2198 1197 2241 foi-midine
1215 2211 1373 2254 pennae¹
1390 2232 1400 2248 ,

220 2272 410 2314 Venator
430 2282 583 2318 eursu,
604 2271 725 2312 canis
752 2272 797 2312 et
815 2269 1063 2317 latratibus,
1086 2271 1244 2317 instat3

221 2342 291 2384 Ille
313 2346 459 2385 autem
474 2375 486 2394 ,
514 2341 681 2385 insidiis
703 2346 746 2384 et
764 2342 859 2396 ripa
881 2341 1056 2384 territus
1073 2341 1158 2383 alta
1177 2373 1185 2388 ,

225 2411 336 2455 Mille
353 2411 463 2465 fugit
481 2411 732 2465 refugitspie
747 2411 859 2454 vias:
883 2414 927 2453 at
945 2410 1117 2453 vividus
1138 2411 1304 2454 Umber
