1917 2942
230 338 304 379 506
749 339 913 377 LIBER
944 340 996 377 X.
1487 338 1537 377 535

231 425 461 477 Fragmina
483 436 708 468 remorum
729 437 837 478 quos
856 429 899 468 et
922 425 1138 468 fluitantia
1161 428 1348 470 transtra

228 493 500 548 Impediunt,
518 494 790 547 retrahitque
805 495 964 548 pedem
982 495 1110 537 simul
1128 495 1249 538 unda
1265 497 1480 539 relabens.

277 567 365 607 Nec
385 568 581 608 Turnum
602 562 746 616 segnis
768 566 930 607 retinet
949 576 1099 613 mora3
1123 565 1201 607 sed
1221 567 1338 619 rapit
1355 577 1455 609 acer

228 639 379 676 Totam
400 635 597 678 aciemin
617 638 829 678 Teucros,
854 637 896 676 et
916 637 1071 677 contra
1093 634 1139 674 in
1156 634 1281 676 litore
1299 636 1427 678 sistit.

227 705 352 756 Signa
373 709 552 751 canunt.
575 703 747 743 Primus
768 706 934 745 turmas
956 703 1112 745 invasit
1131 708 1323 754 agrestes

229 776 401 818 AEneas,
424 783 555 813 omen
575 781 757 823 pugnae,
782 770 1024 823 stravitque
1046 770 1240 817 Latinos,

229 841 381 882 Occiso
400 840 623 885 Therone,
642 840 786 881 virum
807 840 880 889 qui
904 839 1121 879 maximus
1136 840 1251 880 ultro

228 912 389 950 [Enean
405 910 517 962 petit
537 922 546 945 x
569 908 672 951 huic
689 909 833 961 gladio
854 919 1018 960 perque
1040 919 1150 950 aerea
1170 910 1290 956 suta.

228 981 309 1020 Per
330 978 522 1020 tunicam
536 978 807 1031 squalentem
827 987 933 1018 auro
950 1009 957 1024 ,
976 979 1089 1018 latus
1110 976 1257 1019 haurit
1271 979 1488 1030 apertum.

227 1046 334 1088 Inde
350 1047 515 1089 Lichan
532 1047 634 1090 serit
648 1078 657 1094 ,
680 1051 898 1089 exsectum
911 1049 1004 1098 jam
1026 1049 1168 1088 matre
1184 1053 1380 1101 peremta
1399 1080 1408 1094 ,

227 1119 281 1158 Et
297 1117 397 1164 tibi,
421 1117 614 1164 Phoebe,
637 1128 834 1162 sacrum,
858 1127 981 1158 casus
998 1116 1184 1158 evadere
1201 1117 1304 1158 ferri

227 1183 352 1235 Quod
372 1185 498 1228 licuit
514 1198 663 1239 parvo.
683 1189 774 1229 Nec
789 1186 920 1238 longe
934 1217 944 1233 ,
968 1187 1112 1227 Cissea
1134 1185 1293 1227 durum
1311 1218 1320 1233 ,

225 1256 553 1307 Immanemque
570 1256 720 1307 Gyan.
742 1257 987 1296 sternentes
1006 1254 1182 1306 agmina
1202 1253 1350 1302 clava,

227 1326 393 1377 Dejccit
409 1326 498 1367 leto
517 1341 525 1364 :
545 1324 658 1366 nihil
677 1326 773 1367 illos
790 1324 994 1367 Herculis
1014 1334 1155 1369 arma.

226 1396 312 1435 Nec
331 1393 484 1435 validas
501 1395 655 1445 juvere
673 1404 850 1444 manus,
873 1393 1133 1444 genitorque
1154 1392 1418 1447 Melampus,

226 1464 385 1504 Alcidae
407 1475 574 1510 comeS,
598 1475 731 1516 usque
750 1475 902 1516 graves
921 1474 1057 1515 quum
1078 1466 1195 1504 terra
1214 1463 1385 1506 labores

227 1531 429 1572 Proebuit.
450 1533 562 1573 Ecce
577 1530 743 1578 Pharo,
766 1540 895 1572 voces
912 1530 1016 1571 (lum
1030 1532 1167 1582 jactat
1179 1530 1364 1578 inertes,

225 1601 482 1650 lntorquens
493 1598 687 1650 ,iaculum
704 1598 932 1640 clamantis
948 1599 1063 1640 sistit
1079 1599 1124 1639 in
1144 1609 1236 1640 ore.

225 1671 284 1709 Tu
300 1679 496 1722 quoque,
519 1667 751 1710 (laventem
768 1667 909 1722 prima
928 1668 1138 1720 lanugine
1161 1668 1299 1710 malas

226 1739 338 1778 Dum
356 1739 549 1789 sequeris
564 1738 753 1789 Clytium
768 1736 938 1784 infelix,
958 1748 1075 1779 nova
1090 1737 1245 1789 gaudia
1261 1768 1272 1790 ‚
1291 1737 1444 1791 Cydon
1460 1754 1471 1786 ς

226 1806 441 1848 Dardania
461 1809 621 1849 stratus
642 1806 815 1854 dextra,
836 1817 1014 1848 securus
1034 1817 1233 1849 amorum
1251 1838 1264 1854 ,

224 1875 304 1925 Qui
319 1877 532 1926 juvenum
548 1876 625 1918 tibi
643 1887 817 1930 semper
835 1878 981 1923 erant,
1005 1875 1252 1918 miserande
1266 1907 1276 1922 ‚
1296 1876 1465 1927 jaceres
1485 1892 1496 1916 :

224 1946 271 1987 Ni
290 1944 474 1988 l'ratrum
493 1947 651 2001 stipata
671 1945 828 1988 cohors
850 1944 961 1986 foret
977 1945 1106 1987 obvia
1119 1974 1131 1996 ‚
1152 1945 1314 1988 Phorci

225 2016 462 2068 Progenies
486 2032 495 2056 ε
516 2018 685 2070 septem
705 2026 919 2061 numero,
942 2018 1210 2068 septenaque
1231 2015 1318 2064 tela

225 2081 499 2136 conjiciunt:
519 2085 679 2138 partim
699 2085 824 2137 galea
841 2084 1071 2137 clipeoque
1087 2084 1304 2126 resultant

225 2154 374 2203 Irrita;
398 2153 571 2197 deflexit
589 2154 750 2207 partim
770 2154 1031 2206 stringentia
1051 2164 1211 2206 corpus

226 2225 349 2266 Alma
374 2227 399 2262 v
410 2235 533 2266 enus.
556 2222 713 2264 Fidum
733 2227 886 2265 AEneas
905 2222 1074 2265 adfatur
1093 2223 1293 2272 Achaten
1311 2241 1320 2264 ε

227 2310 242 2331 <1
266 2299 456 2349 suggere
471 2297 554 2339 tela
571 2295 703 2344 mihi,
724 2307 816 2337 non
833 2295 972 2336 ullum
991 2294 1168 2338 dextera
1184 2294 1341 2337 frustra

225 2368 416 2409 Torserit
435 2366 479 2407 in
499 2367 702 2415 Rutulos,
724 2368 939 2408 steterunt
957 2377 1054 2419 quae
1073 2366 1119 2407 in
1139 2376 1328 2420 corpore
1344 2366 1523 2409 Graium

227 2437 364 2480 Iliacis
383 2439 562 2491 campis.
581 2451 597 2476 »
626 2440 735 2478 Tum
758 2447 965 2490 magnam
981 2438 1165 2491 corripit
1184 2438 1374 2485 hastam,

1287 2528 1337 2567 2ss
