1917 2942
357 343 436 381 356
884 343 1141 383 AENEIDOS
1611 347 1659 384 37

355 428 485 468 Ferte
503 426 576 468 citi
599 425 762 469 ferrum
779 457 791 478 ‚
811 427 913 469 date
934 427 1041 474 tela,
1063 429 1109 468 et
1123 427 1322 471 scandite
1340 438 1514 477 muros;

357 494 504 538 Hostis
520 494 664 544 adest,
683 497 746 539 eia
765 499 774 537 1
797 513 814 535 n
837 497 1012 550 Ingenti
1033 498 1226 540 clamore
1244 508 1324 551 per
1342 508 1496 541 omnes
1524 529 1526 532 >

357 564 565 606 condunt
584 576 629 607 se
644 566 800 608 Teucri
820 568 990 619 portas,
1010 568 1055 608 et
1068 565 1229 607 moenia
1244 568 1483 620 complent.

358 637 556 687 Namque
575 635 636 677 ita
656 634 888 677 discedens
903 638 1175 690 praeceperat
1196 636 1391 690 optimus
1408 636 1539 678 armis

362 707 544 746 AEneas:
566 704 601 744 si
619 715 704 757 qua
720 706 886 746 interea
912 703 1092 746 fortuna
1109 704 1284 751 fuisset.

360 775 458 816 Neu
477 776 650 815 struere
671 773 885 816 auderent
903 775 1044 816 aciem
1060 806 1071 825 ,
1092 785 1179 815 neu
1200 773 1380 817 credere
1396 784 1574 830 campo:

361 844 510 885 Castra
529 842 664 885 modo
680 846 723 884 et
736 845 853 884 tutos
867 845 1097 885 servarent
1115 854 1276 896 aggere
1295 855 1460 886 muros.

362 915 499 963 Ergo,
518 912 598 954 etsi
613 911 815 954 conferre
833 923 1015 953 manum
1030 911 1174 966 pudor
1194 912 1345 965 iraque
1360 914 1574 956 monstrat
1589 943 1600 965 ‚

366 981 594 1033 objiciunt
608 984 760 1036 portas
782 984 955 1030 tamen,
979 983 1024 1024 et
1041 985 1263 1037 praecepta
1284 981 1524 1031 facessunt,

366 1052 622 1106 Armatique
639 1053 756 1095 cavis
776 1054 1028 1107 exspectant
1044 1052 1236 1094 turribus
1250 1052 1438 1095 hostem.

417 1123 591 1162 Turnus
605 1152 615 1171 ,
637 1123 685 1162 ut
699 1127 800 1163 ante
816 1121 967 1162 volans
990 1120 1165 1162 tardum
1179 1127 1460 1174 praecesserat
1477 1131 1648 1172 agmen,

364 1191 529 1243 Viginti
550 1191 671 1233 lectis
687 1191 886 1245 equitum
906 1192 1140 1232 comitatus
1157 1194 1201 1231 et
1222 1190 1319 1232 urbi

368 1261 638 1313 Improvisus
653 1260 798 1309 adest;
822 1260 1007 1302 maculis
1025 1271 1157 1313 quem
1176 1261 1385 1302 Thracius
1404 1260 1511 1302 albis

369 1331 525 1370 Portat
544 1340 705 1382 equus,
728 1330 946 1382 cristaque
966 1329 1071 1381 tegit
1090 1329 1215 1381 galea
1233 1340 1365 1371 aurea
1385 1329 1533 1371 rubra.

374 1413 391 1435 «ι
411 1399 572 1452 Ecquis
587 1399 670 1439 erit
687 1408 885 1445 mecum,
903 1398 1089 1448 juvenes
1100 1399 1119 1438 ‘?
1134 1397 1210 1451 qui
1223 1398 1393 1452 primus
1409 1399 1456 1439 in
1475 1397 1643 1442 hostem
1659 1401 1679 1440 ἱ)

372 1470 440 1509 En
456 1499 467 1519 ,
484 1468 559 1509 ait.
581 1482 597 1504 n
617 1469 671 1508 Et
685 1467 882 1519 jaculum
898 1466 1165 1520 adtcrquens
1182 1467 1345 1508 emittit
1358 1467 1404 1508 in
1420 1477 1547 1508 auras
1562 1500 1572 1516 ‚

371 1535 646 1589 Principium
667 1545 852 1589 pugnae,
878 1537 922 1577 et
939 1545 1095 1589 campo
1113 1546 1204 1576 sese
1225 1535 1386 1576 arduus
1402 1534 1549 1578 insert.

372 1603 574 1646 Clamore
594 1604 818 1658 excipiunt
837 1604 970 1651 socii,
994 1602 1256 1658 fremituque
1275 1609 1524 1658 sequuntur

375 1676 624 1716 I-Iorrisono
645 1686 654 1710 ε
675 1672 895 1716 Teucrum
912 1675 1131 1716 mirantur
1148 1674 1306 1716 inertia
1321 1674 1477 1719 corda:

376 1748 478 1787 Non
498 1755 625 1799 aequo
646 1744 750 1786 dare
771 1756 816 1787 se
836 1755 1018 1798 campo,
1037 1754 1130 1785 non
1150 1743 1278 1786 obvia
1309 1743 1423 1787 ferre

377 1820 513 1857 Arma
527 1814 646 1857 viros
659 1844 669 1860 ‚
691 1813 768 1856 secl
782 1817 925 1856 castra
941 1812 1106 1855 fovere.
1126 1815 1220 1854 Huc
1239 1812 1438 1854 turbidus
1453 1815 1583 1866 atque
1596 1811 1686 1855 huc

378 1887 552 1927 Lustrat
571 1895 684 1937 equo
706 1894 878 1931 muros,
906 1884 1162 1936 aditumque
1181 1894 1257 1936 per
1274 1884 1369 1925 avia
1389 1884 1562 1938 quaerit.

380 1960 444 1997 Ac
466 1955 604 1998 veluti
624 1954 757 2009 pleno
777 1955 907 2008 lupus
928 1953 1158 1996 insidiatus
1183 1953 1286 1995 ovili
1300 1986 1310 2001 ,

380 2029 527 2077 Quum
549 2024 694 2067 fremit
708 2024 759 2067 ad
781 2024 950 2072 caulas,
971 2027 1122 2067 ventos
1140 2035 1372 2079 perpessus
1388 2027 1432 2068 et
1448 2023 1607 2067 imbres
1621 2055 1632 2071 ,

382 2098 526 2139 Nocte
540 2107 672 2149 super
690 2095 859 2143 media3
878 2095 960 2136 tuti
976 2095 1056 2136 sub
1076 2094 1288 2136 matribus
1306 2095 1407 2147 agni

382 2167 587 2208 Balatum
606 2168 837 2207 exercent:
858 2165 953 2212 ille,
978 2176 1104 2218 asper
1123 2168 1167 2207 et
1184 2165 1414 2217 improbus
1430 2164 1518 2210 ira,

383 2234 513 2277 Saevit
532 2235 577 2276 in
595 2234 817 2281 absentes;
841 2233 1023 2275 collecta
1039 2232 1190 2286 fatigat
1204 2232 1365 2275 edendi

386 2309 451 2347 Ex
466 2307 603 2358 longo
620 2304 783 2351 rabies,
808 2308 853 2348 et
866 2305 993 2347 siccae
1012 2305 1227 2356 sanguine
1246 2302 1408 2345 fauceS.

389 2374 518 2418 Haud
539 2376 664 2418 aliter
683 2374 871 2423 Rutulo,
894 2385 1043 2417 muros
1063 2377 1107 2418 et
1124 2378 1264 2416 castra
1283 2374 1450 2424 tuenti,

389 2448 625 2499 ignescunt
642 2447 738 2494 irae3
762 2444 882 2489 duris
898 2444 1029 2488 dolor
1051 2446 1218 2487 ossibus
1235 2444 1358 2486 ardet
1375 2460 1384 2490 ;
