1917 2942
222 355 291 394 ⁴012
720 355 875 394 LIBER
906 355 1018 393 vm.
1438 358 1462 397 5

220 447 331 487 Ante
350 443 508 487 urbem
528 444 574 484 in
592 443 710 485 luco.
729 443 870 485 Pallas
893 443 997 485 huic
1017 442 1130 486 filius
1149 456 1238 487 una
1253 476 1263 495 ‚

220 517 312 555 Una
330 526 485 556 omnes
498 516 716 564 Juvenum
735 513 896 566 primi,
924 524 1178 567 pauperque
1198 517 1373 559 senatus
1387 546 1398 564 ,

219 588 330 626 Tura
353 584 543 631 dabant,
563 582 825 636 tepidusque
845 593 979 625 cruor
994 581 1191 624 fumabat
1210 584 1265 625 ad
1285 596 1398 627 aras.

220 657 273 694 Ut
286 654 420 696 celsas
433 653 588 695 videre
605 655 719 694 rates
737 683 744 698 ,
764 654 896 706 atque
913 652 1028 694 inter
1043 663 1233 706 opacum

224 723 379 765 Adiabi
399 733 582 768 nemus,
602 725 645 765 et
664 722 806 764 tacitis
824 722 1082 764 incumbere
1101 723 1236 764 remis
1256 739 1268 771 ς

221 795 458 835 Torrentur
473 793 565 835 visu
587 792 735 833 subito
749 824 759 841 ‚
779 792 1021 844 cunctique
1038 792 1200 835 relictis

219 866 501 915 Consurgunt
521 861 701 904 mensis.
729 862 886 903 Audax
903 872 1013 914 quos
1033 874 1242 916 rumpere
1257 866 1396 907 Pallas

221 935 346 973 Sacra
362 933 482 974 vetat
497 962 506 982 ‚
524 938 740 985 raptoque
760 932 881 973 volat
900 930 988 972 telo
1009 929 1163 973 obvius
1186 933 1304 986 ipse;

218 1002 271 1041 Et
288 1001 442 1053 procul
457 1012 480 1043 e
495 1001 667 1042 tumulo
688 1016 697 1039 ε
723 1004 943 1042 «Juvenes
958 1030 969 1050 ,
988 1011 1085 1052 quae
1106 1012 1235 1044 causa
1254 1003 1430 1056 subegit

218 1074 394 1122 Ignotas
412 1073 584 1112 tentare
604 1071 696 1111 vias
711 1071 729 1110 i>
744 1080 833 1123 quo
855 1070 1065 1111 tenditis?
1083 1070 1243 1124 inquit.

220 1141 299 1190 Qui
317 1142 483 1193 genus?
496 1140 614 1182 unde
629 1140 761 1181 domo
774 1141 793 1180 ἱ)
804 1151 1018 1193 pacemne
1030 1142 1117 1182 huc
1135 1138 1273 1189 sertis,
1288 1153 1342 1184 an
1357 1153 1476 1185 arma
1488 1145 1531 1184 Ρ»

268 1212 383 1251 Tum
401 1211 525 1263 pater
540 1212 697 1249 AEneas
717 1208 854 1262 puppi
874 1209 935 1250 sic
956 1207 1073 1250 satur
1092 1210 1148 1251 ab
1168 1210 1256 1251 alta
1274 1243 1283 1258 ,

221 1279 515 1333 Paciferaeque
533 1291 667 1321 manu
687 1290 862 1320 ramum
881 1279 1120 1334 praetenclit
1139 1279 1291 1323 olivae:

188 1379 190 1381 .
224 1364 240 1386 a
258 1350 531 1403 'l‘rojugenas
553 1360 603 1391 ac
625 1350 707 1391 tela
724 1348 847 1391 vides
865 1349 1047 1392 inimica
1068 1349 1254 1397 Latinis3

220 1420 336 1467 Quos
354 1418 415 1460 illi
441 1418 553 1461 bello
581 1417 789 1469 profugos
809 1429 936 1464 egere
956 1417 1161 1472 superbo.

221 1488 472 1529 Evandrum
490 1489 696 1543 petimus.
712 1490 841 1531 Ferte
854 1488 976 1536 haec,
1000 1490 1044 1530 et
1062 1487 1195 1531 dicite
1222 1488 1360 1531 lectos

221 1557 449 1599 Dardaniae
465 1557 637 1599 venisse
657 1556 791 1600 duces
807 1590 816 1606 ,
835 1558 953 1600 socia
972 1568 1090 1600 arma
1108 1562 1334 1610 rogantes.
1353 1574 1370 1596 ι

273 1627 510 1682 Obstupuit
528 1629 653 1669 tanto
675 1639 909 1681 percussus
931 1627 1112 1669 nomine
1134 1628 1306 1671 Pallas:

224 1710 239 1732 a
257 1696 492 1747 egredere,
517 1708 542 1738 o
560 1698 813 1750 quicunque
834 1709 898 1742 es,
923 1697 1005 1742 ait,
1025 1707 1263 1751 coramque
1281 1698 1515 1749 parentem

220 1764 492 1818 Adloquere,
515 1777 565 1808 ac
582 1767 747 1808 nostris
764 1766 950 1810 succede
969 1767 1205 1808 Penatibus
1219 1767 1398 1821 hospes.
1423 1783 1448 1817 ι»,

221 1837 490 1889 Excepitque
508 1847 668 1884 manu,
688 1836 977 1889 dextramque
998 1836 1222 1888 amplexus
1241 1836 1428 1879 inhaesit.

223 1906 440 1957 Progressi
461 1907 655 1948 subeunt
673 1905 802 1954 luco,
823 1904 1096 1958 fluviumque
1114 1906 1389 1960 relinquunt.

273 1979 383 2016 Tum
400 1985 550 2027 regem
571 1978 726 2018 AEneas
751 1976 878 2018 dictis
894 1975 1069 2017 adratur
1085 1975 1261 2017 amicis:

222 2059 239 2081 α
262 2048 440 2099 Optime
459 2046 761 2099 Grajugennm
779 2078 788 2092 ‚
807 2046 878 2088 oui
894 2058 965 2088 me
985 2048 1183 2088 Fortuna
1199 2045 1369 2100 precari
1383 2076 1393 2092 ‚

223 2118 275 2156 Et
289 2118 400 2159 vitta
421 2119 594 2158 comtos
609 2116 754 2157 voluit
773 2117 1054 2170 praetendere
1074 2127 1222 2159 ramos
1240 2133 1251 2165 3

222 2190 318 2229 Non
342 2188 546 2242 equidem
562 2187 759 2234 extimui,
777 2188 978 2230 Danaum
996 2187 1112 2241 quod
1133 2187 1311 2237 ductor,
1326 2190 1534 2235 etArcas,

223 2259 436 2310 Quodque
457 2257 509 2299 ab
529 2257 665 2312 stirpe
684 2255 799 2298 fores
821 2258 1011 2309 geminis
1026 2261 1292 2306 coniunctus
1311 2259 1496 2309 Atridis;

222 2327 301 2369 Sed
317 2340 413 2371 mea
432 2339 504 2370 me
524 2328 690 2374 virtus.
709 2328 754 2369 et
776 2331 927 2369 sancta
949 2327 1126 2370 oracula
1142 2327 1320 2375 divum,

223 2399 491 2452 cognatique
510 2403 657 2453 patres
671 2429 684 2448 ‚
702 2401 778 2439 tua
798 2398 924 2440 terris
939 2396 1080 2439 didita
1098 2397 1215 2440 fama
1230 2430 1241 2450 ,

225 2469 505 2520 conjunxere
523 2467 626 2513 tibi.
649 2469 693 2510 et
712 2464 809 2510 fatis
830 2477 961 2519 egere
979 2467 1215 2510 volentem.

1470 358 1493 395 01

1499 358 1523 397 01
