1917 2942
661 302 1071 371 AENElDOS

553 475 777 524 L‘lBER
825 473 1190 524 OCTAVUS.

221 656 1533 726 ᾣέὲρὲῷᾢῷᾆὲῷἑὲῷῖέᾆὲέεὲὲεὲᾣὲῥῷᾣῷἑὲῷἑὲὲἒᾷὲ

226 822 375 855 ‘furnus
388 820 578 854 Venulum
595 818 643 853 ad
660 817 888 854 Diomedem
904 819 1047 861 mittit,
1064 822 1104 854 ut
1122 828 1214 854 eum
1234 819 1281 855 ad
1301 821 1391 856 belli
1409 831 1533 860 socie-

270 880 389 913 tatem
407 878 580 914 adliciat.
599 881 734 914 AEneas
750 905 759 921 ,
776 878 954 915 Tiberini
982 880 1094 914 fluvii
1112 879 1266 916 monitu
1279 908 1287 923 ,
1306 881 1384 917 iter
1397 884 1535 920 eodem

270 937 431 974 consilio
447 939 608 982 suscipit
628 939 676 974 ad
699 939 942 981 Evandrum;
961 940 1030 984 qui
1047 949 1092 975 ex
1113 939 1270 976 Arcadia
1286 943 1473 990 profugus
1493 945 1536 981 in

274 998 447 1034 Palatino
464 1003 596 1034 monte
629 998 865 1035 consederat.
888 1000 1086 1041 Evander,
1106 1001 1226 1036 sacris
1255 1004 1432 1038 Herculis
1452 1007 1536 1041 tum

267 1058 453 1098 intentus,
474 1059 619 1093 AEnean
637 1057 781 1093 iisdem
797 1057 982 1094 adhibet:
1006 1067 1141 1094 eorum
1163 1059 1362 1105 originem
1379 1061 1514 1099 edocet
1529 1092 1537 1105 ,

273 1116 479 1152 victoriam
495 1118 646 1153 scilicet
663 1117 841 1153 Herculisv
855 1117 900 1153 dc·
920 1121 1036 1161 Caco,
1054 1119 1232 1162 regionis
1248 1110 1356 1155 illius
1373 1122 1542 1169 insignis

275 1178 371 1213 olim
386 1177 579 1221 praedone.
596 1181 694 1213 Tum
709 1181 852 1214 AEueen
867 1179 1246 1224 quadringentorum
1260 1182 1437 1225 equitum
1452 1186 1543 1221 sub-

275 1239 376 1275 sidio
400 1242 508 1282 Juvat
527 1249 535 1272 ε
567 1238 710 1274 iisdem
751 1241 965 1275 Pallantem
998 1241 1124 1276 sslium
1160 1242 1337 1284 praeficit.
1374 1245 1541 1281 Interim

276 1302 400 1336 Venus
417 1308 528 1335 arma
543 1303 669 1335 AEneae
682 1308 750 1335 suo
767 1301 889 1336 desert
901 1328 909 1343 ,
924 1310 944 1336 a
962 1303 1130 1337 vulcano
1147 1303 1355 1346 fabricata;
1374 1307 1544 1350 clipeum

278 1360 465 1405 inprimis
480 1386 488 1402 ‚
511 1360 551 1394 in
581 1369 657 1404 quo
689 1363 825 1396 AEnens
857 1370 919 1396 res
953 1363 1157 1404 praeclaras
1189 1363 1288 1398 olim
1314 1366 1502 1408 gerendas
1524 1376 1544 1402 a

280 1420 465 1457 Romanis
481 1420 646 1464 posteris
664 1420 765 1456 mira
782 1425 864 1456 arte
881 1423 1035 1457 coelatas
1051 1420 1377 1467 contemplatui-..j

227 1559 296 1602 ‘Ut
310 1559 416 1603 belli
429 1560 605 1612 signum
624 1559 831 1602 Laurenti
850 1563 1024 1602 Turnus
1042 1560 1094 1601 ab
1110 1571 1211 1604 arce

241 1629 403 1671 Extulit
421 1661 429 1677 ‚
448 1631 494 1671 et
509 1639 645 1670 rauco
662 1630 948 1682 strepuerunt
965 1640 1132 1672 cornua
1151 1633 1283 1672 cantu
1300 1663 1310 1681 ,

243 1702 387 1752 thue
404 1710 525 1742 acres
540 1700 764 1741 concussit
779 1711 915 1752 equos
932 1731 940 1747 ,
958 1704 1098 1753 utque
1117 1699 1298 1756 impulit
1317 1713 1439 1745 arma
1457 1720 1468 1751 ;

242 1769 471 1823 Extemplo
490 1769 652 1810 turbati
673 1766 810 1809 animi
833 1785 843 1808 ι
865 1769 994 1810 simul
1021 1780 1153 1812 omne
1176 1773 1369 1817 tumultu

245 1842 455 1892 Conjurat
470 1838 647 1894 trepido
665 1839 841 1880 Latium
858 1869 868 1887 ,
891 1840 1104 1893 saevitque
1117 1842 1329 1891 juventus

245 1908 407 1953 Ett'era.
426 1912 641 1951 Ductores
659 1909 807 1963 primi,
829 1913 1054 1963 Messapus
1069 1917 1110 1953 et
1125 1911 1262 1953 Ufens
1278 1943 1288 1962 ‚

250 1981 629 2033 contemptorque
647 1978 780 2021 deum
801 1980 1066 2025 Mezentius.
1084 1979 1283 2034 undique
1309 1989 1478 2036 cogunt

251 2049 435 2097 Auxilia,
456 2050 499 2092 et
519 2049 628 2090 latos
644 2051 818 2090 vastant
834 2047 1080 2091 cultoribus
1097 2061 1241 2101 agros,

251 2118 437 2160 Mittitur
458 2120 503 2159 et
521 2117 671 2169 magni
692 2116 885 2158 Venulus
905 2117 1131 2160 Diomedis
1147 2117 1201 2159 ad
1217 2119 1372 2163 urbem
1390 2153 1399 2168 .

254 2188 337 2237 Qui
357 2189 479 2242 petat
497 2186 731 2231 auxilium.
750 2190 816 2235 et,
836 2186 962 2229 Latio
983 2187 1223 2231 consistere
1242 2192 1452 2238 Teucros,

253 2257 504 2301 Advectum
524 2259 689 2298 AEnean
704 2254 852 2302 classi,
868 2255 1096 2308 victosque
1117 2258 1306 2300 Penates

256 2328 448 2375 inferre,
472 2330 517 2370 et
528 2324 626 2368 tatis
644 2336 793 2379 regem
813 2337 859 2368 se
877 2326 1026 2369 dicere
1039 2326 1177 2380 posci,

258 2396 470 2446 moneat,
495 2396 742 2451 multasque
763 2397 861 2441 viro
883 2408 929 2439 se
949 2396 1192 2451 adjungere
1205 2402 1360 2453 gentes

1330 2494 1379 2531 23
