1917 2942
381 315 457 354 458
902 319 1159 359 AENEIDOS
1601 327 1675 365 700

374 403 706 456 Apenninicolae
726 404 913 447 bellator
932 403 1047 447 filius
1067 407 1211 454 Auni,

373 472 501 514 Haud
518 473 730 526 Ligurum
751 475 987 521 extremus,
1008 475 1114 516 dum
1131 474 1279 519 fallere
1299 475 1383 519 fata
1398 478 1619 522 sinebant.

372 542 502 594 Isque
519 573 528 586 .
553 542 627 583 ubi
646 554 692 585 se
711 544 835 585 nullo
849 545 943 594 jam
959 556 1093 587 cursu
1114 545 1302 588 evadere
1321 558 1484 601 pugnae

371 614 505 653 Posse
518 642 528 659 ‚
549 624 693 666 neque
714 614 953 656 instantem
973 615 1172 667 reginam
1193 620 1391 659 avertere
1410 619 1576 667 cernit;

369 683 564 726 Consilio
582 694 756 726 versare
769 685 893 726 dolos
914 687 1135 737 ingressus
1152 690 1196 728 et
1213 691 1331 735 astu,

369 754 533 806 Incipit
551 753 647 796 haec
670 772 679 794 :
705 770 718 788 ι
740 755 856 804 Quid
880 758 966 797 tani
992 758 1240 809 egregium,
1264 760 1297 798 si
1321 759 1483 801 femina
1501 759 1603 802 forti

370 821 490 864 Fidis
513 824 663 875 equo?
689 823 863 867 dimitte
882 824 1053 877 fugam,
1073 830 1119 868 et
1146 830 1187 869 te
1203 828 1454 870 comminus
1476 839 1603 882 aequo

369 895 541 935 Mecum
557 893 688 936 crede
707 894 816 940 solo,
841 905 1092 948 pngnaeque
1108 896 1295 949 adcinge
1315 898 1506 951 pedestri
1528 916 1536 939 z

367 963 468 1002 Jam
487 972 640 1004 nosces
662 965 843 1006 ventosa
867 963 978 1006 ferat
996 965 1068 1006 cui
1089 967 1225 1018 gloria
1248 966 1495 1010 fraudem.»

422 1031 556 1072 Dixit.
581 1035 638 1072 At
657 1032 729 1075 illa
754 1032 926 1082 hirene,
950 1038 1131 1090 acrique
1150 1036 1337 1079 adcensa
1357 1038 1510 1080 dolore
1527 1070 1538 1090 ,

367 1102 520 1144 Tradit
538 1115 700 1156 equum
718 1106 884 1152 comiti,
901 1106 1164 1161 paribusque
1183 1109 1346 1151 resistit
1368 1110 1409 1148 in
1429 1110 1585 1156 armis,

367 1174 486 1214 Ense
513 1173 647 1226 pedes
663 1173 810 1221 nudo,
835 1186 1036 1228 puraque
1053 1176 1255 1218 interrita
1273 1189 1445 1230 parmen

369 1243 637 1292 Atjuvenis.
661 1243 816 1286 vicisse
836 1244 941 1286 dolo
958 1249 1095 1291 ratus,
1120 1247 1265 1289 avolat
1284 1248 1399 1301 ipse,

368 1310 497 1352 Haud
516 1323 663 1357 mora,
687 1314 999 1367 conversisque
1020 1313 1149 1367 fugax
1165 1313 1362 1357 aufertur
1377 1316 1584 1364 habenis,

366 1379 796 1434 Quadrupedemque
815 1383 954 1424 citum
976 1384 1137 1425 serrata
1159 1385 1282 1427 calce
1304 1385 1470 1438 fatigat.

423 1466 440 1488 «
456 1453 578 1494 Vane
597 1452 749 1504 Ligus,
773 1451 1021 1506 frustraque
1037 1455 1193 1495 animis
1207 1455 1321 1498 elate
1338 1456 1538 1509 superbis
1556 1489 1562 1501 .

366 1519 673 1572 Nequidquam
692 1521 856 1573 patrias
876 1524 1053 1565 tentasti
1073 1523 1271 1567 lubricus
1289 1529 1427 1573 artes;

366 1590 458 1631 Nec
478 1587 597 1631 fraus
620 1594 660 1631 te
676 1591 948 1634 incolumem
966 1592 1113 1634 fallaci
1130 1592 1322 1645 perferet
1337 1597 1488 1636 Auno.
1503 1611 1519 1632 n

367 1662 472 1701 Haec
493 1657 611 1700 fatur
626 1660 776 1712 virgo,
801 1663 845 1703 et
862 1661 1118 1715 pernicibus
1138 1662 1266 1713 ignea
1286 1663 1446 1715 plantis

365 1730 542 1770 Transit
561 1741 726 1783 equum
746 1741 893 1778 cursu,
919 1730 1139 1783 frenisque
1155 1730 1341 1774 adversa
1360 1730 1589 1783 prehensis

364 1798 681 1852 congreditur,
702 1812 943 1855 poenasque
959 1801 1144 1842 inimico
1163 1811 1213 1842 ex
1229 1801 1446 1854 sanguine
1460 1803 1594 1843 sumit
1615 1818 1624 1841 ι

366 1872 506 1919 Quam
529 1869 655 1912 facile
676 1870 887 1926 accipiter
905 1882 1008 1913 saxo
1027 1882 1150 1913 sacer
1167 1871 1253 1912 ales
1274 1870 1326 1912 ab
1344 1870 1433 1912 alto

364 1940 660 1994 Consequitur
681 1942 840 1995 pennis
859 1940 1098 1984 sublimem
1120 1941 1164 1982 in
1185 1940 1303 1983 nube
1323 1941 1598 1986 columbam,

365 2012 772 2064 comprensamque
794 2011 941 2059 tenet,
964 2010 1243 2065 pedibusque
1264 2012 1479 2053 eviscerat
1498 2012 1648 2058 uncis;

366 2082 478 2121 Tum
499 2090 632 2123 cruor
648 2081 694 2123 et
709 2080 845 2122 vulsae
864 2080 1076 2121 labuntur
1094 2080 1148 2121 ab
1164 2079 1327 2122 aethere
1345 2080 1523 2134 plumae.

415 2154 471 2192 At
489 2162 583 2193 non
602 2150 699 2193 haec
720 2150 853 2192 nullis
874 2150 1108 2191 hominum
1126 2151 1247 2191 sator
1267 2152 1400 2201 atque
1420 2147 1606 2191 deorum

364 2220 615 2263 observans
636 2221 774 2262 oculis
791 2230 966 2262 summo
986 2219 1113 2261 sedet
1131 2219 1241 2262 altus
1261 2220 1469 2271 Olympo.

364 2288 646 2341 Tyrrhenum
666 2289 841 2340 genitor
860 2286 1138 2330 Tarchonem
1155 2288 1202 2328 in
1217 2287 1369 2341 praelia
1387 2297 1504 2329 saeva

363 2360 568 2406 suscitat,
590 2363 634 2403 et
650 2360 836 2402 stimulis
853 2359 971 2401 haud
989 2357 1195 2400 mollibus
1211 2357 1355 2410 injicit
1369 2357 1470 2399 iras.

364 2433 480 2483 Ergo
501 2430 618 2472 inter
636 2429 777 2472 caedes
793 2428 1083 2481 cedentiaque
1104 2428 1280 2480 agmina
1299 2426 1470 2470 Tarcho
