1917 2942
285 322 340 359 53
787 321 1012 361 ECLOGA
1040 320 1073 359 1.
1538 317 1584 356 21

288 406 379 448 Nec
398 417 495 460 spes
516 404 728 447 libertatis
745 408 838 447 erat
850 436 860 453 ‚
881 416 965 448 nec
985 414 1090 446 cura
1103 403 1259 459 peculi.

285 475 493 523 Quamvis
512 474 651 515 multa
668 474 776 515 meis
793 475 928 516 exiret
947 472 1281 527 victima‘saeptis
1301 504 1312 521 ,

284 547 464 599 Pinguis
492 548 536 587 et
555 546 734 597 ingrat-ce
754 548 1028 597 premeretur
1046 555 1194 587 caseus
1212 545 1335 593 urbi,

284 618 384 658 Non
400 627 596 670 unquam
623 616 765 669 gravis
781 627 865 658 aere
885 617 1067 657 domurn
1082 615 1188 657 mihi
1207 615 1357 657 dextra
1380 615 1565 658 redibat.

802 694 1059 728 Memnonos.

284 754 493 803 Mirabar,
513 756 621 808 quid
633 757 786 796 moesta
803 756 938 802 Deos,
964 755 1191 808 Amarylli,
1214 764 1420 802 vocares:

281 825 358 865 Cui
382 824 575 879 pendere
592 837 669 867 sua
689 826 897 877 patereris
912 825 957 865 in
972 825 1127 867 arbore
1149 836 1293 878 poma.

280 894 453 945 Tityrus
473 893 577 935 hinc
594 894 756 936 aberat.
778 896 885 948 Ipsae
903 896 946 936 te
967 927 976 943 ‚
999 894 1147 945 Tityre
1169 926 1178 941 ,
1196 896 1326 948 pinus
1344 926 1353 943 ,

280 963 368 1014 Ipsi
384 967 423 1004 te
442 962 582 1004 sontes
598 995 606 1011 ‚
627 964 720 1017 ipsa
736 962 831 1004 haec
846 962 1019 1004 arbusta
1034 994 1043 1011 ‚
1058 961 1291 1005 vocabant.

827 1042 1030 1074 Ti‘rYniJs.

277 1100 391 1150 Quid
411 1100 627 1143 tacerem?
646 1113 788 1155 neque
803 1102 983 1143 servitio
997 1112 1068 1143 me
1085 1101 1201 1143 exire
1214 1100 1374 1143 licebat
1391 1133 1401 1148 ‚

279 1171 316 1209 N
322 1182 372 1213 ec
391 1173 479 1212 tam
495 1175 729 1224 praesentes
747 1170 849 1212 alibi
869 1181 1134 1222 cognoscere
1154 1171 1303 1212 Divos.

279 1237 362 1280 Hic
376 1238 500 1279 illum
517 1238 608 1280 vidi
614 1241 822 1290 juvenem
841 1271 850 1287 ‚
870 1238 1071 1281 Meliboee
1090 1270 1099 1287 ,
1118 1241 1225 1292 quot
1242 1240 1366 1281 annis

278 1309 351 1350 Bis
371 1320 501 1351 senos
521 1308 589 1350 cui
605 1311 753 1350 nostra
773 1308 863 1351 dies
884 1309 1035 1350 altaria
1055 1307 1243 1349 fumant.

277 1379 358 1421 Hic
372 1378 477 1420 mihi
494 1390 755 1432 responsum
774 1380 942 1433 primus
962 1377 1084 1420 dedit
1099 1379 1172 1420 ille
1192 1379 1361 1431 petenti
1379 1394 1389 1417 :

276 1451 468 1498 Pascite,
490 1451 540 1490 ut
555 1452 654 1492 ante
670 1482 682 1498 ,
704 1451 840 1491 boves
856 1482 870 1501 ,
887 1450 1037 1503 pueri3
1054 1449 1296 1492 submittite
1310 1451 1477 1491 tauros.

791 1528 1053 1562 mssmnossus.

274 1592 511 1632 Fortunate
525 1602 678 1636 senex,
700 1601 807 1643 ergo
824 1593 897 1632 tua
915 1602 1018 1632 rura
1035 1590 1280 1633 manebunt
1297 1593 1307 1631 l

272 1662 326 1701 Et
346 1660 421 1701 tibi
441 1672 601 1713 magna
619 1661 741 1708 sat-is;
768 1662 962 1714 quamvis
974 1661 1081 1714 lapis
1100 1661 1249 1703 omnia
1262 1660 1405 1702 nudus
1421 1692 1429 1708 .

271 1731 531 1783 Limosoque
549 1731 673 1784 palus
693 1731 883 1773 obducat
901 1742 1064 1785 pascua
1078 1733 1231 1783 junco.

273 1803 373 1843 Non
388 1801 559 1844 insueta
577 1813 730 1854 graves
749 1802 981 1844 tentabunt
993 1801 1151 1854 pabula
1166 1799 1295 1848 fetas;

271 1870 306 1908 N
314 1880 364 1912 ec
387 1870 499 1911 mala
510 1869 646 1911 vicini
666 1869 838 1923 pecoris
857 1868 1057 1921 contagia
1074 1868 1254 1910 laedent.

269 1942 508 1983 Fortunate
530 1943 679 1983 senex!
703 1940 798 1986 hic,
818 1940 933 1982 inter
951 1938 1129 1981 numina
1147 1946 1257 1980 nota

268 2013 324 2051 Et
342 2010 484 2053 fontes
504 2021 665 2057 sacros,
684 2008 821 2062 frigus
840 2010 1033 2063 captabis
1050 2020 1255 2064 opacum.

266 2080 381 2121 Hinc
400 2080 475 2122 tibi
493 2113 501 2129 ‚
519 2091 615 2132 quae
627 2091 799 2133 semper
811 2080 956 2122 vicino
984 2079 1036 2120 ab
1052 2080 1190 2121 limite
1208 2090 1343 2133 saepes

268 2150 462 2202 Hyblaeis
479 2150 629 2203 apibus
649 2149 806 2193 florum
834 2150 1017 2204 depasta
1035 2150 1176 2192 salicti
1195 2181 1204 2195 .

268 2220 389 2274 Saepe
408 2219 494 2263 levi
508 2231 713 2261 somnum
733 2219 931 2261 suadebit
947 2219 1059 2260 inire
1079 2230 1272 2261 susurro.

268 2289 383 2332 Hinc
403 2291 488 2332 alta
507 2290 585 2333 sub
599 2302 707 2344 rupe
721 2294 847 2333 canet
862 2290 1090 2332 frondator
1105 2290 1159 2332 ad
1175 2302 1300 2333 auras
1317 2306 1328 2338 3

266 2359 355 2400 Nec
375 2361 520 2401 tamen
535 2359 703 2402 interea
717 2370 882 2407 raucae,
901 2363 976 2401 ‘tua
994 2370 1122 2407 cura,
1144 2359 1370 2414 palumbes

266 2433 353 2472 Nec
373 2440 546 2482 gemere
560 2429 679 2473 >aeria
694 2428 876 2472 cessabit
894 2431 1036 2472 turtur
1051 2429 1102 2470 ab
1117 2431 1251 2472 ulmo.
