1917 2942
84 100 186 140 W
203 100 205 104 ’

345 312 423 351 202
875 308 1132 348 AENEIDOS
1589 311 1667 349 '5413

348 407 575 443 Incassum
599 394 724 438 fletus
745 407 754 429 τ
774 405 909 446 quum
927 406 1020 437 sese
1041 406 1064 435 a
1086 395 1305 437 moenibus
1321 395 1452 438 heros

345 466 590 509 Priamides
611 465 758 507 multis
774 466 970 509 Helenus
988 465 1304 507 comitantibus
1325 466 1480 512 adfert.

348 536 683 589 Adgnoscitque
701 545 817 581 suos,
836 536 1052 588 laetusque
1073 533 1129 575 ad
1144 534 1295 577 limina
1312 535 1451 588 ducit,

342 609 398 648 Et
416 605 610 646 multum
625 605 840 656 lacrymas
860 605 998 647 verba
1018 605 1135 646 inter
1155 605 1326 657 singula
1347 603 1511 646 fundit.

349 674 566 722 Procedo,
586 677 631 716 et
644 684 829 729 parvam
847 676 1042 725 Troiam,
1069 674 1361 726 simulataque
1378 675 1551 728 magnis

348 747 580 796 Pergama,
601 747 645 786 et
666 746 864 784 arentem
880 741 1045 783 Xanthi
1066 742 1333 794 cognomine
1350 744 1495 786 rivum

347 813 608 867 Adgnosco‚
626 815 849 864 Scaeaeque
866 812 1112 863 amplector
1127 812 1284 853 limina
1301 818 1460 865 portae.

347 885 440 926 Nec
455 893 549 925 non
569 884 614 924 et
627 882 785 923 Teucri
803 880 923 922 socia
940 881 1072 921 simul
1087 880 1196 922 urbe
1217 880 1442 923 fruuntur.

349 951 455 993 Illos
476 951 717 1004 porticibus
732 960 811 991 rex
830 949 1080 1001 adcipiebat
1095 950 1140 989 in
1160 950 1330 1004 amplis.

348 1022 476 1063 Aulai
494 1022 539 1061 in
556 1021 705 1063 medio
720 1019 919 1061 libabant
938 1020 1099 1072 pocula
1123 1019 1302 1068 Bacchi,

347 1092 569 1145 Impositis
585 1102 692 1132 auro
711 1089 910 1142 dapibus,
936 1090 1203 1143 paterasque
1221 1089 1449 1131 tenebant.

404 1163 594 1213 Jamque
610 1159 716 1205 dies,
735 1158 930 1211 alterque
950 1157 1047 1199 dies
1060 1157 1293 1212 processit3
1319 1160 1361 1206 61
1381 1169 1498 1199 aurae

350 1229 459 1271 Vela
475 1232 654 1275 vocant,
675 1227 935 1280 tumidoque
954 1223 1135 1268 inflatur
1158 1218 1371 1269 c‘arb'asUs‘
1386 1230 1565 1269 Austro.

349 1299 429 1339 I-Iis
449 1299 596 1340 vatem
613 1295 849 1349 adgredior
864 1295 1010 1345 dictis,
1029 1306 1080 1337 ac
1102 1295 1205 1337 talia
1223 1305 1374 1348 quaeso
1398 1311 1407 1335 ε

350 1385 366 1406 «
388 1370 657 1422 Troiugena,
683 1369 801 1409 111161
806 1378 903 1419 pres
922 1365 1092 1413 divum,
1115 1367 1191 1419 qui
1211 1366 1396 1408 numina
1417 1367 1586 1414 Phoebi,

352 1438 440 1487 Qui
459 1436 669 1490 tripodaS,
693 1435 829 1476 Claril
846 1437 1010 1483 laurOS,
1032 1437 1107 1508 qui
1126 1435 1269 1476 sidera
1285 1437 1433 1482 seniis,

345 1510 401 1548 Ε1
417 1506 656 1550 volucrum
676 1507 860 1559 linguas,
879 1508 924 1547 61
940 1487 1145 1559 praepeus
1166 1506 1314 1546 omina
1334 1516 1507 1558 pennae,

342 1580 454 1619 Fare
470 1587 572 1623 aoe
569 1584 781 1629 namque
796 1587 975 1617 omnem
990 1587 1169 1617 cursum
1185 1575 1293 1616 mihi
1310 1586 1498 1630 prosper
1501 1587 1525 1617 a
1545 1575 1653 1616 dixit

343 1647 517 1699 Religio
532 1677 539 1691 .
564 1648 608 1688 et
623 1646 774 1688 cuncti
789 1648 1022 1687 suaserunt
1041 1647 1225 1687 numine
1243 1646 1332 1686 divi

346 1717 517 1759 Italiam
534 1721 711 1772 petere,
734 1720 777 1760 et
796 1720 938 1760 terras
959 1719 1131 1759 tentare
1149 1721 1350 1771 repostas
1369 1732 1379 1756 ε

347 1788 446 1830 Sola
467 1799 639 1830 novum
655 1787 865 1840 dictuque
881 1787 1004 1829 nefas
1026 1789 1223 1841 Harpyia
1244 1789 1425 1830 Celaeno

346 1857 605 1910 Prodigium
624 1858 770 1906 canit,
797 1860 841 1899 et
863 1858 1007 1899 tristes
1028 1857 1264 1899 denuntiat
1281 1859 1392 1906 iras,

347 1927 685 1980 obscenamque
707 1925 906 1975 famem),
927 1936 1025 1979 quae
1044 1927 1188 1979 prima
1204 1927 1400 1981 pericula
1420 1927 1512 1969 vito
1529 1929 1548 1966 Ρ

349 1996 521 2047 Quidve
543 2008 732 2051 sequens
747 1999 894 2038 tantos
909 1996 1074 2050 possim
1097 2008 1305 2051 superare
1323 1996 1525 2039 labores?
1548 2013 1563 2033 »

409 2067 492 2110 Hic
514 2068 738 2112 Helenus,
763 2068 883 2108 caesis
903 2067 1100 2120 primum
1122 2066 1174 2109 de
1194 2078 1318 2108 more
1336 2066 1563 2117 juvencis,

344 2139 508 2178 Exorat
525 2148 682 2190 pacem
705 2135 877 2183 divum,
901 2137 1121 2189 vittasque
1141 2137 1323 2179 resolvit

342 2207 504 2249 Sacrati
521 2206 697 2261 capitis,
719 2218 877 2259 meque
898 2207 953 2248 ad
975 2208 1048 2247 tua
1066 2206 1243 2252 limina,
1263 2205 1430 2248 Phoehe
1448 2237 1457 2253 ‚

340 2281 438 2333 Ipse
456 2289 588 2318 manu
609 2279 748 2319 multo
767 2288 1031 2332 suspensum
1051 2278 1237 2319 numine
1256 2276 1402 2323 ducit;

343 2353 488 2403 Atque
510 2350 603 2392 haec
627 2347 790 2392 deinde
808 2350 930 2391 canit
952 2348 1105 2390 divino
1128 2360 1178 2391 ex
1199 2358 1278 2390 ore
1300 2345 1509 2389 sacerdos
1529 2362 1538 2386 ι

389 2436 405 2457 11
426 2421 537 2461 Nate
556 2420 637 2462 dea
670 2421 804 2471 (nam
829 2422 869 2462 16
888 2418 1129 2470 majoribus
1146 2419 1208 2460 ire
1236 2429 1318 2472 per
1334 2416 1469 2457 altum
