1917 2942
357 312 435 350 755
891 313 1054 351 LIBER
1084 314 1138 351 Η.
1595 310 1677 353 ⁴87

357 396 649 449 prospiciens,
667 412 681 432 ιι
701 399 734 436 N
743 399 825 445 ate,
840 397 1069 445 exclamat,
1087 396 1203 450 fuge,
1221 399 1337 445 nate3
1354 399 1673 453 propinquant.

359 465 577 508 Ardentes
595 467 759 517 clipeos
782 471 912 520 atque
931 478 1017 508 aera
1033 466 1244 508 micantia
1259 478 1438 509 cerno.»

353 536 436 577 Hic
462 535 568 576 mihi
589 536 738 577 nescio
757 536 876 588 quod
905 534 1080 589 trepido
1096 536 1208 577 male
1234 546 1402 576 numen
1423 537 1616 580 amicum

351 603 591 646 Confusam
610 603 773 657 effluit
789 608 1001 648 mentem.
1027 606 1228 657 Namque
1246 605 1344 645 avia
1374 616 1508 647 cursu

290 728 293 732 ἱ
352 676 468 714 Dum
486 684 663 727 sequor,
683 678 725 716 et
739 680 846 715 nota
867 673 1031 716 excedo
1047 675 1228 726 regione
1246 674 1421 715 viarum
1439 691 1449 721 ;

350 746 445 786 Heu
465 746 474 783 Ξ
496 746 658 787 misero
674 745 836 795 conjux
854 776 865 796 ‚
888 744 1038 787 tatone
1059 749 1233 798 erepta,
1257 748 1417 787 Creusa

348 814 570 861 Substitit,
588 815 812 857 erravitne
828 816 898 857 via
911 844 922 862 ,
944 826 1022 856 scu
1036 814 1149 856 lassa
1166 814 1331 857 resedit
1349 846 1358 861 ‚

347 886 572 925 Incertum
590 899 600 931 ;
620 894 704 926 nec
723 887 824 937 post
842 883 984 926 oculis
1002 885 1070 926 est
1082 883 1259 926 reddita
1279 885 1442 925 nostris

349 954 383 992 N
390 964 440 995 ec
459 954 582 1007 prius
607 953 812 994 amissam
831 954 999 1007 respexi
1017 984 1024 997 ,
1047 953 1301 995 animumve
1322 953 1495 1002 reflexi,

346 1024 489 1071 Quam
505 1023 725 1064 tumulum
741 1022 928 1074 antiquae
947 1022 1118 1063 Cereris
1137 1022 1376 1073 sedemque
1392 1027 1611 1065 sacratam

347 1091 572 1132 Venimus.
593 1090 677 1132 Hic
696 1089 876 1132 demum
894 1091 1091 1132 collectis
1109 1091 1336 1137 omnibus,
1360 1102 1450 1133 una

347 1157 519 1209 Defuit;
538 1163 582 1203 et
600 1161 781 1202 comites
800 1193 809 1208 ‚
828 1165 1071 1212 natumque
1088 1189 1098 1207 ,
1123 1161 1356 1213 virumque
1378 1159 1544 1203 fefellit.

347 1232 490 1279 Quem
517 1241 610 1272 non
625 1227 824 1272 inciisavi
836 1241 987 1272 amens
1002 1229 1322 1282 hominumque
1341 1230 1647 1284 deorumque?

345 1302 434 1339 Aut
454 1299 560 1353 quid
577 1300 625 1339 in
644 1310 795 1342 eversa
812 1298 904 1342 vidi
924 1298 1146 1341 crudelius
1165 1299 1304 1340 urbe?

343 1370 590 1415 Ascanium,
613 1369 923 1423 Anchisenque
943 1370 1143 1422 patrem,
1171 1372 1452 1422 Teucrosque
1477 1373 1665 1413 Penates

342 1439 616 1483 Commendo
637 1440 766 1482 sociis
783 1470 793 1486 ‚
816 1445 861 1482 et
879 1451 1017 1482 curva
1037 1438 1155 1482 valle
1175 1439 1396 1481 recondo:
1512 1490 1517 1497 ι

342 1510 441 1563 Ipse
455 1509 610 1552 urbem
625 1511 779 1563 repeto
798 1541 808 1557 ,
831 1511 876 1551 et
896 1509 1054 1560 cingor
1071 1505 1339 1559 fulgentibus
1355 1508 1501 1550 armis.

340 1582 434 1619 Stat
452 1590 576 1621 casus
594 1590 810 1621 renovare
829 1588 983 1620 omnes
1001 1607 1010 1624 ‚
1034 1586 1302 1628 omnemque
1323 1578 1487 1619 reverti

340 1651 425 1690 Per
441 1651 617 1700 Trojam
630 1681 639 1693 ,
658 1652 704 1690 et
730 1660 879 1690 rursus
898 1650 1031 1702 caput
1050 1648 1272 1698 objectare
1289 1647 1483 1700 periclis.

340 1717 567 1771 Principio
587 1728 738 1759 muros
756 1717 1031 1770 obscuraque
1048 1716 1202 1758 limina
1222 1718 1358 1769 portae
1378 1745 1388 1761 .

336 1790 432 1835 Qua
450 1799 649 1840 gressum
665 1787 906 1831 extuleram
924 1818 934 1838 ‚
956 1787 1109 1841 repeto
1126 1800 1136 1833 ;
1156 1789 1200 1829 et
1216 1785 1400 1837 vestigia
1411 1790 1534 1828 retro

338 1856 579 1898 Observata
600 1867 761 1909 sequor
781 1869 862 1910 per
879 1859 1082 1903 noctem,
1107 1857 1150 1895 et
1168 1854 1338 1896 lumine
1362 1854 1520 1897 lustro.

338 1928 512 1970 Horror
528 1928 689 1981 ubique
708 1928 878 1968 animos
891 1958 900 1973 ‚
921 1926 1053 1968 simul
1070 1924 1161 1978 ipsa
1178 1923 1351 1966 silentia
1368 1925 1552 1967 terrent.

335 1994 442 2037 Inde
464 1997 670 2041 domum,
700 1997 734 2036 si
756 1995 872 2037 forte
888 1994 1049 2049 pedem
1067 2025 1075 2040 ,
1096 1993 1131 2034 si
1149 1992 1258 2035 [orte
1276 1993 1464 2039 tulisset,

337 2066 404 2106 Me
425 2063 584 2107 refero.
601 2063 998 2106 IrruerantDanai.
1022 2066 1063 2105 et
1084 2066 1247 2104 tectum
1265 2073 1398 2104 omne
1416 2064 1639 2107 tenebant.

337 2135 457 2178 [licet
470 2136 583 2188 ignis
602 2135 711 2178 edax
724 2145 896 2176 summa
908 2134 962 2175 ad
984 2132 1153 2185 fastigia
1169 2136 1301 2175 vento

340 2205 536 2247 volvitur
555 2207 844 2258 :exsuperant
862 2203 1049 2246 flamina?
1067 2219 1077 2243 z
1101 2203 1208 2245 furit
1227 2207 1356 2245 {estus
1373 2203 1426 2245 ad
1445 2216 1588 2246 auras.

339 2275 558 2321 Procedo,
582 2277 625 2315 et
640 2276 806 2317 Priami
822 2276 946 2317 sedes
967 2286 1203 2327 arcemque
1225 2273 1384 2316 reviso.

333 2347 386 2386 Et
394 2346 487 2397 jam
506 2345 745 2399 porticibus
762 2345 909 2387 vacuis
924 2344 1116 2386 Junonis
1136 2346 1254 2396 asylo

333 2413 545 2457 custodes
562 2412 661 2457 lecti
684 2413 871 2455 Phoenix
886 2418 927 2456 ct
951 2414 1070 2455 dirus
1088 2414 1231 2455 Ulixes
