1917 2942
308 348 366 387 {5-
789 346 1014 386 ECLOGA
1047 347 1118 386 111.
1555 348 1607 388 27

304 430 485 483 Fregisti
502 431 545 473 et
559 430 750 472 calamos
774 442 899 483 :quae
914 432 962 472 tu
977 462 987 479 ‚
1004 442 1210 485 perverse
1230 434 1425 476 Menalca
1444 464 1454 484 ‚

302 501 356 540 Et
372 511 506 553 quum
523 499 669 540 vidisti
688 511 826 553 puero
846 500 1007 542 donata
1027 533 1036 549 ‚
1060 499 1263 550 dolebam

303 570 358 608 Et
375 600 384 617 ‚
406 568 442 609 si
457 579 550 609 non
569 567 714 622 aliqua
729 569 974 617 nocuisses,
993 573 1196 612 mortuus
1211 581 1341 613 esses.

820 648 1063 682 MENALCAS.

305 705 422 755 Quid
438 706 603 749 domini
623 706 785 750 faciant
803 739 813 757 ‚
834 707 998 750 audent
1016 721 1152 763 quum
1172 710 1274 751 talia
1293 709 1440 752 fures?

305 778 406 818 Non
427 787 509 830 ego
530 779 572 819 te
592 777 682 818 vidi
704 779 936 826 Damonis,
958 778 1145 833 pessime
1164 812 1172 827 ,
1198 790 1383 833 caprum

304 846 515 900 Excipere
536 847 704 889 insidiis
720 878 729 894 ,
749 848 939 890 multum
957 849 1145 891 latrante
1165 850 1374 902 Lycisca?

304 918 357 957 Et
374 928 508 969 quum
528 917 761 959 clamarem
784 949 792 962 .
817 920 914 968 Quo
933 930 1052 961 nunc
1076 930 1121 961 se
1138 920 1325 973 proripit
1344 920 1445 964 ille?

306 983 476 1036 Tityre,
497 996 602 1037 coge
619 997 752 1039 pecus
769 988 778 1026 !
797 988 844 1028 tu
860 988 959 1039 post
978 989 1147 1030 carecta
1167 988 1347 1031 latebas.

825 1065 1074 1098 DAMOETAS.

309 1127 378 1165 An
395 1125 516 1174 mihi,
539 1125 759 1167 canta-ndo
775 1127 929 1175 victus,
952 1138 1044 1168 non
1071 1127 1278 1171 redderet
1296 1129 1370 1171 ille
1386 1160 1398 1181 ,

307 1194 447 1241 Quem
465 1205 563 1236 mea
581 1195 846 1236 carminibus
864 1196 1095 1238 meruisset
1113 1194 1278 1243 fistula,
1298 1208 1481 1250 caprum
1495 1200 1518 1239 ‘z‘

307 1261 349 1303 Si
368 1263 535 1314 nescis,
556 1275 677 1307 meus
695 1264 769 1306 ille
785 1276 915 1317 caper
934 1264 1017 1306 fuit
1041 1281 1050 1305 :
1073 1265 1238 1308 etmihi
1255 1269 1427 1309 Damon

306 1332 403 1383 Ipse
419 1329 653 1380 fatebatur;
675 1333 752 1375 sed
768 1332 954 1376 reddere
974 1345 1101 1387 posse
1119 1335 1325 1387 negabat.

830 1413 918 1446 ΜΕΝ
927 1413 1077 1446 ALCAs.

306 1470 534 1512 Cantando
553 1472 600 1512 vtu
618 1471 739 1513 illum
756 1473 775 1513 ‘z'
795 1474 870 1514 aut
886 1484 1084 1527 unquam
1098 1473 1174 1514 tibi
1197 1472 1340 1516 fistula
1359 1487 1458 1519 cem

272 1587 274 1592 ‚
306 1540 471 1581 Juncta
494 1538 602 1580 fuit?
624 1551 717 1581 non
736 1541 785 1580 tu
804 1540 850 1582 in
868 1540 1009 1582 triviis
1030 1573 1040 1590 ,
1060 1541 1241 1585 indocte
1255 1574 1265 1594 ‚
1286 1544 1455 1586 solebas

306 1608 517 1651 stridenti
534 1610 745 1652 miserum
760 1610 920 1664 stipula
938 1610 1190 1664 disperdere
1211 1616 1426 1657 carmen?

826 1688 1075 1724 DAMOETAS.

307 1748 382 1788 Vis
399 1757 526 1800 ergo,
546 1748 755 1789 internos
772 1780 781 1795 ,
803 1748 910 1802 quid
927 1748 1063 1802 possit
1076 1750 1263 1802 uterque
1283 1781 1293 1797 ,
1310 1750 1504 1792 vicissim

307 1818 625 1870 Experiamur?
641 1829 723 1870 ego
739 1819 854 1861 hanc
866 1820 1048 1861 vitulam
1065 1822 1080 1869 (
1086 1830 1140 1862 ne
1160 1818 1270 1862 forte
1288 1831 1462 1863 recuses
1476 1854 1486 1870 ‚

306 1885 379 1927 Bis
397 1886 517 1928 venit
533 1886 587 1929 ad
609 1887 866 1937 mulctram,
885 1888 1013 1930 binos
1034 1888 1110 1929 alit
1137 1889 1273 1931 ubere
1296 1888 1425 1943 fetus)

309 1956 496 2009 Depono
519 1971 528 1996 :
550 1958 596 1998 tu
616 1955 710 2004 dic,
736 1968 912 1999 mecum
928 1967 1015 2010 quo
1036 1956 1222 2010 pignore
1241 1959 1399 2000 certes.

828 2034 1071 2069 MENALCAS.

308 2096 373 2136 De
393 2105 524 2148 grege
538 2106 628 2138 non
646 2097 785 2138 ausim
800 2095 1041 2150 quidquam
1058 2094 1283 2150 deponere
1307 2098 1452 2139 tecum
1472 2113 1482 2137 ι

308 2167 384 2206 Est
402 2165 509 2206 mihi
531 2177 719 2219 namque
737 2166 856 2208 domi
872 2169 1017 2219 pater,
1033 2168 1099 2210 est
1113 2167 1274 2219 injusta
1291 2179 1480 2210 noverca
1499 2184 1509 2208 z

306 2234 465 2289 Bisque
485 2235 556 2278 die
570 2238 804 2279 numerant
822 2236 951 2278 ambo
969 2248 1125 2290 pecus,
1146 2238 1255 2279 alter
1273 2241 1316 2279 et
1330 2237 1496 2279 haedos.

308 2307 490 2354 Verum,
510 2305 556 2347 id
574 2307 695 2360 quod
714 2307 853 2350 multo
871 2307 962 2349 tute
981 2307 1075 2362 ipse
1095 2304 1286 2350 fatebere
1306 2310 1462 2360 majus,

310 2376 524 2425 (Insanire
539 2375 645 2418 libet
659 2376 793 2429 quoni
800 2387 868 2417 am
893 2375 970 2417 tihi
983 2386 1006 2420 ).
1021 2377 1178 2429 pocula
1192 2388 1356 2431 ponam

310 2444 473 2497 Fagina
493 2474 501 2494 ,
524 2445 723 2488 caelatum
739 2444 876 2488 divini
893 2457 1003 2501 opus
1021 2445 1341 2491 Alcimedontis
1364 2464 1377 2488 π

1413 2555 1452 2593 5.
