1917 2942
777 326 1210 395 AENEIDOS.

676 517 896 566 [ABER
946 516 1357 569 SECUNDUS..

362 900 446 940 llic.
463 900 501 934 et
518 898 583 943 qui
599 897 775 943 sequitur
793 899 903 939 liber„
920 898 1139 942 episodium
1153 900 1198 934 de
1212 902 1333 941 Trojae
1359 901 1510 936 excidio
1528 905 1670 937 slineae-

398 969 473 1003 que
490 959 691 994 erroribus
708 961 1030 1003 complectamur,
1044 961 1143 1004 quod
1162 962 1343 1003 proeclare
1362 964 1471 1005 poeta
1492 961 1676 1000 intexuit.

399 1021 543 1064 quippe
563 1029 652 1055 cum
671 1023 796 1055 [Enete
816 1021 905 1056 fatis
934 1024 1205 1063 conjunctum,
1236 1023 1272 1056 ct
1294 1021 1339 1056 ad
1367 1022 1669 1057 admirationem

401 1080 643 1117 excitandam
660 1080 803 1116 eximie
819 1085 1101 1125 comparatum.
1119 1083 1220 1125 Quod
1237 1087 1365 1117 autem
1384 1084 1578 1119 narrantis
1590 1093 1675 1127 par-

404 1144 458 1175 tes
477 1144 602 1177 AEneae
620 1143 727 1184 poeta
749 1142 965 1182 tradiderit,
985 1151 1027 1176 ιη
1044 1152 1088 1177 eo
1106 1142 1201 1177 illud
1217 1144 1413 1179 commodi
1445 1147 1670 1187 assequutus

402 1204 471 1242 est,
490 1203 529 1235 ut
549 1205 673 1244 major
689 1202 779 1237 inde
792 1203 1007 1237 narrationi
1024 1204 1176 1239 accedat
1193 1205 1410 1247 auctoritas,
1428 1209 1463 1240 et
1476 1205 1675 1240 miseratio

403 1265 542 1305 major,
565 1271 684 1307 quum
703 1272 762 1298 res
790 1265 893 1298 abeo
910 1268 1160 1307 exponantur,
1179 1265 1245 1309 qui
1263 1274 1352 1306 pars
1366 1266 1459 1309 ipse,
1477 1265 1513 1300 et
1531 1275 1673 1308 mamm

403 1322 561 1366 quidem
576 1351 584 1364 ,
605 1323 763 1358 illarum
793 1323 879 1357 fuit.
904 1326 968 1359 Est
983 1328 1111 1359 autem
1131 1326 1194 1360 hic
1210 1326 1310 1361 liber
1342 1327 1446 1361 inter
1469 1327 1673 1371 perfectis-

406 1382 526 1419 simas
555 1383 682 1426 operis
705 1386 855 1427 parteS,
874 1383 998 1427 ipsius
1025 1386 1307 1428 poetaejudicio
1330 1386 1507 1428 habitus;
1532 1387 1675 1430 quippe

402 1451 538 1487 quem,
557 1451 646 1478 cum
665 1448 800 1487 quarto
817 1447 854 1480 et
874 1448 993 1485 sexto,
1024 1445 1253 1489 speciminis
1275 1448 1370 1487 loca,
1390 1448 1557 1490 Augusto
1572 1456 1675 1490 pra»—

407 1503 558 1548 legerit.

362 1676 627 1718 Conticuere
648 1687 818 1724 omnen,
842 1677 1092 1729 intentique
1113 1688 1193 1719 ora
1217 1677 1450 1720 tenebant:

362 1745 470 1788 Inde
493 1750 591 1787 toro
610 1751 734 1800 pater
749 1751 918 1789 AEnaeas
936 1748 998 1790 sic
1016 1759 1138 1789 orsus
1159 1749 1211 1789 al)
1232 1749 1319 1789 alto
1338 1762 1348 1787 ι

414 1814 665 1863 Infandum,
686 1817 853 1869 regina,
880 1817 1008 1867 jubes
1022 1828 1238 1859 renovare
1263 1817 1464 1859 dolorem
1485 1832 1494 1863 ;

362 1888 574 1937 Trojanas
592 1891 640 1927 ut
656 1897 761 1940 opes
781 1888 825 1928 et
844 1886 1129 1928 lamentabile
1147 1897 1336 1939 regnum

362 1956 568 1997 Erucrint
588 1955 727 1997 Danai
743 1971 752 2003 3
771 1966 958 2008 quaeque
978 1957 1069 2009 ipse
1085 1955 1333 1998 miserrima
1351 1954 1457 2001 vidi,

362 2028 416 2066 Et
432 2037 624 2079 quorum
642 2037 742 2079 pars
760 2037 922 2078 magna
941 2025 1018 2066 fui.
1041 2026 1146 2076 Quis
1166 2026 1263 2067 talia
1284 2024 1416 2066 fando

366 2095 711 2148 Myrmidonum,
734 2097 1027 2149 Dolopumve,
1046 2101 1120 2137 aut
1139 2096 1237 2137 duri
1259 2096 1383 2137 miles
1404 2094 1534 2142 Ulixi,

363 2170 597 2219 Temperet
618 2176 640 2206 a
661 2166 895 2217 lacrymis?
914 2167 967 2205 Et
980 2166 1074 2216 jam
1091 2175 1178 2206 nox
1192 2163 1373 2205 humida
1388 2164 1501 2206 coelo

367 2235 632 2289 Prfecipitat‚
658 2235 934 2289 suadentque
955 2235 1157 2277 cadentia
1177 2233 1324 2277 sidera
1343 2245 1536 2275 somnos.

362 2305 462 2353 Sed,
484 2306 517 2347 si
540 2308 687 2347 tantus
704 2316 830 2346 amor
848 2317 973 2347 casus
991 2315 1260 2358 cognoscere
1279 2306 1471 2351 nostros,

365 2378 419 2418 Et
437 2375 633 2417 breviter
652 2376 792 2426 Trojae
821 2386 1080 2430 supremum
1099 2375 1252 2416 audire
1273 2374 1468 2416 lahorem
1487 2389 1497 2421 ;

364 2449 640 2499 Quamquam
651 2445 1084 2488 animusmeminisse
1096 2445 1263 2491 horret,
1279 2442 1653 2497 luctuquerel'ugil
1673 2457 1682 2487 ;
