1917 2942
320 316 371 352 48
829 313 1104 369 BUCOLiCA
1113 343 1122 351 .
1572 320 1593 356 7
1599 319 1623 353 Γ»

322 403 462 441 Terna
483 398 558 439 tibi
576 398 670 441 haec
684 399 876 451 primum
896 400 1052 453 triplici
1072 399 1245 443 diversa
1259 402 1408 444 coiere

325 469 445 510 Licia
464 467 692 510 circumdo
710 499 720 519 ,
743 471 894 521 terque
912 468 1007 512 haec
1026 469 1178 511 altaria
1198 469 1365 513 circum

326 537 526 591 Effigiem
545 536 659 580 duco
677 554 685 577 z
706 548 894 581 numero
911 538 1016 580 deus
1044 540 1210 593 impare
1230 539 1406 591 gaudet.

329 610 487 651 Ducite
510 609 562 649 ab
581 609 687 649 urbe
704 607 901 654 domum,
914 620 1012 650 mea
1029 608 1389 656 cai-mina‚ducite
1406 609 1629 662 Daphnin

329 680 464 721 Necte
485 677 622 719 tribus
641 677 770 718 nodis
785 679 958 720 ternos.
980 679 1215 730 Aniawlii,
1235 679 1401 721 colores
1424 694 1433 718 ε

334 749 367 787 N
375 750 482 792 ecte,
498 747 725 799 Amarylli,
740 748 890 790 modo:
904 750 960 795 et,
974 750 1172 795 Veneris,
1191 749 1273 792 dic.
1293 749 1471 790 vincula
1486 749 1633 790 necto⁶

335 819 491 859 Ducite
506 817 558 858 ab
576 817 683 859 urhe
698 816 895 863 domum,
912 829 1011 860 mea
1028 820 1236 866 carmina,
1254 817 1398 860 ducite
1414 817 1633 871 Daphnin.

332 888 478 929 Limus
494 890 542 927 ut
559 887 629 929 hic
646 886 861 934 durescit,
879 889 922 930 et
941 888 1036 931 liaec
1055 890 1105 929 ut
1124 900 1225 931 cera
1243 888 1443 941 liquescit

336 957 433 996 Uno
457 954 700 1008 eodemque
715 956 804 1007 igni
820 972 830 1002 ς
850 957 912 998 sic
930 959 1082 998 nostro
1103 952 1299 1011 Daphnis
1316 968 1480 998 amore.

337 1027 500 1077 Sparge
521 1024 682 1065 molam
704 1057 712 1071 ‚
737 1027 780 1065 et
801 1023 976 1076 fragiles
994 1025 1180 1068 incende
1194 1026 1409 1068 bitumine
1423 1025 1586 1067 lauros.

338 1092 534 1146 Daphnis
550 1104 621 1134 me
638 1093 776 1134 malus
793 1095 880 1135 urit
897 1109 906 1133 ι
926 1105 1007 1146 ego
1024 1092 1137 1136 hanc
1147 1093 1193 1135 in
1206 1092 1437 1147 Daphnide
1451 1093 1642 1135 laurum.

339 1163 496 1205 Ducite
512 1162 564 1204 ab
577 1163 686 1206 urbe
700 1162 895 1208 domum,
915 1174 1012 1205 mea
1026 1162 1233 1213 carmina,
1251 1162 1398 1204 ducite
1413 1161 1615 1216 Daphnin
1633 1193 1644 1204 ,

342 1234 451 1276 Talis
473 1245 596 1276 amor
614 1234 822 1287 Daphnin
838 1267 847 1282 ,
865 1234 1026 1287 qualis,
1045 1244 1181 1286 quum
1202 1231 1310 1275 sessa
1325 1233 1566 1283 juvencum

345 1307 429 1346 Per
444 1315 626 1347 nemora
646 1307 774 1359 atque
790 1305 901 1346 altos
921 1300 1160 1358 quaerendo
1174 1303 1333 1344 bucula
1353 1303 1499 1348 lucos,

345 1377 532 1428 Propter
550 1386 671 1427 aquae
686 1375 832 1416 rivum
850 1373 983 1416 viridi
997 1373 1248 1429 procumbit
1268 1372 1314 1412 in
1337 1373 1438 1412 ulva
1451 1401 1461 1417 ,

347 1443 540 1493 Perdita,
557 1454 640 1486 nec
656 1454 763 1486 serae
777 1442 979 1485 meminit
1003 1441 1213 1484 decedere
1233 1439 1357 1482 nocti
1375 1456 1384 1479 z

347 1512 459 1553 Talis
476 1523 598 1554 amor
617 1514 785 1560 teneat,
803 1523 888 1554 nec
905 1512 961 1553 sit
975 1511 1083 1552 mihi
1100 1521 1206 1553 cura
1224 1508 1413 1551 mederi!

349 1582 506 1622 Ducite
522 1581 575 1622 ab
587 1583 698 1624 urhe
718 1580 912 1628 domuin,
931 1592 1028 1623 mea
1044 1580 1254 1625 carmina,
1269 1578 1415 1620 ducite
1428 1577 1650 1630 Daphnin„

351 1652 439 1691 Has
455 1650 561 1691 olim
575 1651 749 1693 exuvias
764 1650 872 1691 mihi
887 1649 1080 1704 perfidus
1098 1649 1170 1691 ille
1188 1648 1389 1701 reliquit,

352 1719 548 1770 Pignora
563 1731 664 1761 cara
683 1720 747 1761 sui
764 1721 773 1759 ἱ
795 1729 893 1771 quae
908 1730 1030 1761 nunc
1046 1729 1139 1770 ego,
1155 1717 1308 1759 limine
1325 1717 1370 1757 in
1387 1716 1482 1770 ipso
1501 1746 1510 1761 ‚

354 1791 486 1831 Terra
506 1822 514 1836 ‚
540 1789 614 1830 tihi
634 1788 798 1830 mande
816 1806 825 1829 z
845 1788 1008 1830 debent
1022 1788 1119 1830 hacc
1134 1787 1321 1840 pignora
1339 1784 1562 1838 Daphnin.

353 1860 512 1901 Ducite
529 1860 582 1900 ab
599 1860 707 1901 urhe
723 1858 918 1905 domum,
937 1869 1035 1900 inea
1052 1858 1260 1906 carmina,
1273 1854 1419 1897 ducite
1432 1853 1653 1907 Daphnin,

356 1930 443 1970 Has
455 1929 633 1975 herbas.
657 1931 786 1982 atque
803 1930 895 1969 haec
913 1930 1058 1968 Ponto
1078 1927 1184 1967 mihi
1198 1926 1312 1968 lecta
1331 1934 1497 1966 venena
1517 1956 1525 1970 ‚

356 2001 454 2051 Ipse
474 1997 595 2040 dedit
608 2000 782 2040 Moeris:
804 1999 1045 2040 nascuntur
1058 1995 1246 2049 plurima
1264 1995 1422 2034 Ponto.

360 2070 437 2109 His
452 2078 534 2119 ego
552 2079 667 2121 saepe
683 2068 838 2121 lupum
858 2065 967 2111 fieri,
988 2067 1032 2108 et
1050 2077 1094 2107 se
1109 2063 1303 2107 condere
1320 2063 1436 2105 silvis

361 2138 540 2184 Mcerin3
561 2148 675 2190 saepe
691 2138 855 2178 animas
871 2137 967 2178 imis
984 2136 1125 2178 excire
1144 2132 1377 2188 sepulcris,

362 2210 506 2258 Atque
522 2208 635 2248 satas
649 2206 733 2247 alio
749 2205 838 2247 vidi
857 2204 1082 2247 traducere
1098 2213 1272 2246 messes.

365 2276 522 2317 Ducite
535 2276 586 2316 ah
601 2275 708 2317 urbe
724 2275 920 2324 domum,
937 2285 1036 2317 inea
1048 2274 1258 2319 carmina,
1276 2271 1421 2313 ducite
1442 2267 1659 2321 Daphnin.

365 2347 449 2385 Fer
468 2343 659 2392 cineres,
692 2344 901 2396 Amarylli
918 2376 925 2391 ,
945 2342 1057 2385 foras
1079 2358 1089 2390 ;
1107 2343 1289 2394 rivoque
1305 2336 1456 2381 fluenti

371 2415 740 2467 TransqueJCaput
752 2416 869 2464 jace3
895 2412 1231 2465 necrespexeris
1251 2409 1342 2450 :his
1358 2418 1439 2460 ego
1460 2403 1663 2457 Daphnin
