1917 2942
333 324 409 394 P.
478 270 877 394 lefflLu
920 320 1370 408 ΜΑΒΟΝΙΞ,

600 482 657 515 UT
686 481 837 514 VULGO
867 481 1089 514 FERUNTUR
1108 503 1119 522 ,

279 581 485 627 cmm,
516 581 681 626 emis,
720 579 1048 620 CATALECTA
1083 581 1150 618 ET
1174 580 1463 620 MORETL'M

215 709 1513 770 ᾣῇᾣὲῥᾶῶῆἑρἒὲᾷὲῷᾢῷᾓᾷὶέὲεῇᾣᾱῆἑέᾓῷᾇὲ53έεῖἐῷ

738 839 1000 901 CULEX

616 974 703 1013 AD
742 974 1123 1014 OCTAVIUM.

219 1106 449 1153 Lusimus,
473 1105 657 1152 Octavi,
679 1103 836 1157 gracili
855 1102 1111 1146 modulante
1131 1103 1282 1146 Thalia
1300 1120 1310 1152 ;

221 1178 361 1228 Atque
380 1207 389 1224 ‚
411 1178 459 1217 ut
478 1173 669 1217 araneoli
688 1205 698 1221 ‚
724 1175 909 1215 tenuem
931 1173 1217 1215 formavimus
1234 1184 1398 1216 orsum.

222 1247 445 1288 Lusimus:
467 1244 563 1287 haec
580 1246 765 1298 propter
785 1243 945 1284 Culicis
967 1244 1055 1284 sint
1072 1244 1267 1286 carmina
1284 1244 1416 1286 dicta.

225 1317 376 1358 Omnis
393 1318 442 1358 ut
460 1315 653 1357 historiae
671 1325 751 1368 per
766 1312 921 1355 ludum
936 1317 1153 1357 consonet
1170 1314 1282 1356 ordo

223 1387 421 1434 Notitiae‚
442 1386 601 1428 ducam
621 1394 752 1426 voces
768 1401 778 1425 ι
793 1384 900 1426 licet
917 1383 1092 1426 invidus
1112 1384 1238 1425 adsit.

225 1458 429 1509 Quisquis
448 1457 531 1498 erit
546 1455 724 1507 culpare
736 1456 862 1506 jocos
878 1455 1133 1505 Musamque
1148 1457 1327 1506 paratus
1343 1485 1355 1501 ‚

227 1527 428 1569 Pondere
444 1526 516 1569 vel
534 1525 699 1568 Culicis
717 1524 858 1566 levior
876 1523 1077 1575 famaque
1099 1521 1277 1565 seretur.

230 1597 450 1639 Posterius
467 1596 668 1648 graviore.
687 1605 799 1636 sono
821 1593 895 1634 tibi
925 1597 1044 1634 Musa
1062 1593 1271 1646 loquetur

232 1667 386 1706 Nostra
406 1680 417 1711 ;
450 1663 619 1705 dabunt
637 1673 771 1716 quum
795 1672 971 1703 securos
988 1660 1094 1702 mihi
1114 1666 1316 1715 tempora
1337 1658 1502 1702 fun-tus
1520 1675 1530 1698 ε

232 1735 288 1775 Ut
309 1734 382 1775 tibi
401 1732 533 1785 digna
553 1736 631 1774 tuo
648 1731 876 1786 poliantur
891 1731 1088 1772 earmina
1103 1740 1252 1771 sensu.

285 1805 462 1845 Latonae
482 1802 719 1856 magnique
740 1801 871 1843 decus
892 1801 1014 1841 Jovis
1027 1811 1164 1843 aurea
1184 1802 1330 1855 proles
1347 1834 1355 1846 .

234 1871 448 1919 PhoehuS‚
470 1872 555 1914 erit.
581 1872 720 1913 nostri
736 1870 941 1924 princeps
969 1871 1014 1911 et
1033 1870 1241 1911 carminis
1261 1875 1427 1919 auctor.

236 1944 290 1982 Et
309 1943 533 1984 recinente
550 1942 646 1993 lyra
665 1941 813 1983 fautor
831 1942 951 1983 :sive
970 1940 1129 1983 educat
1146 1940 1272 1983 illum

240 2011 366 2053 Alma
386 2011 628 2053 Chimaereo
651 2010 851 2053 Xanthus
871 2009 1046 2064 perfusa
1067 2011 1259 2065 liquore:

236 2083 320 2123 Seu
340 2092 494 2123 nemus
515 2081 693 2123 Asteriae
710 2111 722 2131 ‚
752 2092 829 2122 seu
848 2091 933 2134 qua
955 2081 1184 2122 Parnassia
1202 2092 1334 2135 rupes

242 2152 356 2195 Hinc
378 2153 506 2205 atque
524 2152 629 2194 hinc
647 2151 794 2205 patula
814 2150 1060 2204 praepandit
1076 2161 1243 2194 cornua
1268 2150 1413 2195 fronte
1428 2184 1439 2204 ,

242 2222 524 2276 Castaliaeque
545 2233 707 2264 sonans
726 2223 895 2275 liquido
916 2222 1027 2275 pede
1044 2221 1206 2264 labitur
1224 2222 1359 2265 unda.

244 2297 387 2344 Quare
404 2323 414 2341 ‚
437 2292 569 2335 Pierii
586 2293 727 2334 laticis
745 2292 904 2341 decus,
922 2292 1006 2340 ite,
1029 2304 1203 2337 sorores

245 2363 421 2410 Naides,
442 2366 487 2407 et
505 2363 723 2406 celebrate
739 2362 871 2407 deum
889 2363 1124 2418 plaudente
1147 2362 1323 2406 chorea.

249 2437 299 2474 Et
317 2434 418 2482 tibi,
438 2438 587 2486 sancta
609 2435 756 2482 Pales,
779 2435 830 2476 ad
850 2444 981 2488 quam
1000 2437 1187 2477 ventura
1204 2436 1391 2478 recurrit
