1917 2942
357 323 433 362 506
880 323 1140 362 AENEIDOS
1588 323 1658 363 126

357 413 467 451 Tum
482 420 657 463 sperare
674 408 829 451 domos
847 408 1040 451 defessus
1053 408 1225 463 ‚ibique
1245 413 1467 452 memento

363 479 510 519 Prima
525 479 671 520 locare
692 488 828 519 mauu
848 478 1086 531 molirique
1101 488 1262 530 aggere
1284 481 1414 521 tecta.
1438 494 1454 516 n

361 552 466 591 Haec
482 549 579 590 erat
594 546 669 588 illa
687 547 821 590 fames
836 563 846 588 ι
864 548 958 591 haec
971 559 1053 590 nos
1071 559 1277 601 suprema
1291 550 1510 596 manebat.

359 618 507 659 Exitiis
527 617 728 671 positura
743 616 944 659 modum.
1191 633 1193 635 ·

359 689 504 736 Quare
522 686 637 739 agite
653 717 663 731 .
681 692 723 728 et
736 686 882 741 primo
900 686 986 728 laeti
1007 698 1107 729 cum
1131 687 1293 730 lumine
1312 688 1438 734 solis,

361 758 465 806 Quae
481 756 576 798 loca
593 788 602 804 ,
619 756 753 809 quive
768 754 959 798 habeant
976 757 1176 799 homines
1193 789 1204 803 ,
1228 756 1302 798 ubi
1315 758 1475 799 moenia
1500 757 1640 810 gentis
1658 790 1668 804 ,

367 825 661 876 vestigemus,
687 828 729 865 et
746 835 769 865 a
790 814 920 879 portu
934 825 1108 866 diversa
1126 828 1340 876 petamus.

363 895 398 933 N
405 904 492 936 unc
507 895 676 947 pateras
692 893 823 936 libate
844 894 944 936 Jovi
961 925 972 945 ,
994 894 1283 946 precibusque
1306 896 1462 936 vocate

364 961 588 1005 Anchisen
603 962 873 1016 genitorem,
894 967 936 1003 et
950 962 1053 1003 vina
1073 963 1274 1016 reponite
1291 962 1466 1004 mensis.
1493 979 1510 1001 n

415 1030 484 1072 Sic
501 1029 661 1073 deinde
681 1029 851 1078 effatus,
874 1029 1097 1073 frondenti
1118 1036 1318 1085 tempora
1335 1043 1458 1073 ramo

361 1099 590 1154 Implicat‚
610 1102 655 1143 et
672 1100 950 1154 Geniumque
967 1100 1065 1148 loci,
1086 1101 1362 1154 primamque
1375 1101 1560 1143 deorum

362 1167 580 1211 Tellurem
600 1200 609 1217 ,
629 1169 941 1222 Nymphasque
960 1200 970 1220 ‚
992 1171 1037 1210 et
1056 1168 1200 1211 adhuc
1218 1169 1371 1221 ignota
1389 1175 1599 1225 precatur

365 1238 568 1279 Flumina
588 1255 599 1286 ς
616 1244 706 1280 tum
726 1241 934 1288 Noctem,
953 1240 1189 1292 Noctisque
1209 1240 1397 1283 orientia
1413 1242 1532 1294 signa
1547 1273 1558 1290 ,

365 1309 619 1363 Idaeumque
642 1311 799 1351 Jovem
815 1341 825 1361 ,
847 1308 1173 1362 Phrygiamque
1189 1321 1239 1351 ex
1258 1310 1415 1352 ordine
1431 1314 1642 1356 matrem,

366 1381 574 1423 Invocat,
597 1380 640 1421 et
656 1378 854 1432 duplices
870 1380 1076 1432 Cceloque
1094 1379 1324 1433 Ereboque
1343 1383 1558 1433 parentes.

365 1448 450 1490 Hic
465 1450 591 1502 pater
606 1448 888 1502 omnipotens
905 1452 970 1491 ter
986 1449 1095 1491 coelo
1116 1450 1260 1491 clarus
1277 1451 1330 1492 ab
1349 1451 1440 1492 alto

367 1518 593 1565 Intonuit,
613 1517 836 1570 radiisque
852 1516 1083 1560 ardentem
1101 1519 1211 1561 lucis
1231 1521 1274 1561 ct
1286 1530 1395 1560 auro

367 1586 466 1638 Ipse
480 1595 611 1626 manu
633 1585 835 1638 quatiens
849 1585 1041 1627 ostendit
1063 1585 1113 1627 ab
1125 1586 1290 1628 {ethere
1310 1587 1488 1628 nubem.

369 1653 546 1696 Diditur
567 1654 638 1698 hic
657 1654 804 1696 subito
824 1657 1015 1706 Trojana
1042 1667 1120 1710 per
1138 1657 1311 1709 agmina
1328 1668 1486 1698 rumor
1500 1690 1510 1705 ,

368 1724 610 1768 Advenisse
630 1723 746 1767 diem
771 1735 860 1778 quo
879 1725 1029 1767 debita
1056 1726 1219 1766 mienia
1235 1724 1443 1768 condant.

367 1795 574 1839 Certatim
594 1794 843 1836 instaurant
864 1795 1034 1849 epulas,
1058 1797 1189 1849 atquc
1210 1796 1357 1837 omine
1375 1806 1535 1848 magno

368 1868 570 1908 Crateras
589 1864 679 1907 laeti
697 1867 919 1913 statuunt,
937 1870 981 1908 et
995 1865 1096 1907 vina
1116 1870 1349 1907 coronant.

420 1937 601 1978 Postera
617 1946 755 1989 quum
776 1934 917 1988 prima
937 1935 1146 1978 lustrabat
1163 1936 1363 1989 lampade
1385 1939 1521 1978 terras

367 2006 474 2047 Orta
496 2004 591 2047 dies
606 2034 617 2053 ,
637 2005 789 2047 urbem
812 2006 882 2052 ,et
902 2003 1032 2052 fines,
1054 2009 1097 2047 et
1118 2005 1246 2048 lItora
1262 2007 1402 2058 gentis

370 2076 538 2119 Diversi
558 2075 811 2130 explorant;
834 2076 927 2117 baec
947 2074 1080 2118 sontis
1095 2078 1246 2128 stagna
1264 2078 1435 2118 Numici
1456 2110 1464 2125 ‚

371 2150 500 2190 Hunc
518 2146 729 2199 Thybrim
746 2145 949 2196 fluvium,
966 2145 1183 2189 hicfortcs
1203 2146 1397 2189 habitare
1419 2148 1607 2190 Latinos,

371 2221 480 2258 Tum
496 2223 612 2259 satus
627 2215 820 2258 Anchisa
838 2216 1029 2259 delectos
1042 2216 1196 2259 ordine
1216 2216 1268 2257 ab
1283 2218 1403 2258 omni

370 2288 555 2328 Centum
577 2288 776 2329 oratores
798 2288 978 2339 augusta
998 2286 1054 2328 ad
1072 2284 1233 2327 moenia
1249 2286 1363 2339 regis

371 2360 439 2399 Ire
450 2356 598 2408 jubet,
622 2356 755 2398 ramis
776 2356 944 2399 velatos
966 2356 1160 2399 Palladis
1176 2366 1330 2399 omnes
1348 2373 1358 2395 ι

375 2431 586 2482 Donaque
612 2426 724 2470 ferre
739 2426 835 2470 viro
855 2460 863 2474 .
889 2438 1128 2482 pacemque
1148 2437 1382 2482 exposcere
1404 2427 1599 2469 Teucria
