1917 2942
325 340 397 378 ¹78
845 338 1101 378 AENEIDOS
1543 345 1619 383 465

320 422 525 476 Adgnessi
541 422 660 464 ferro
679 422 872 470 circum,
895 434 981 475 qua
998 434 1169 464 summa
1181 422 1376 468 labantes

318 495 557 534 Juncturas
581 491 773 533 tabulata
794 490 978 540 dabant,
1002 492 1291 535 convellimus
1309 495 1406 537 altis

320 562 500 604 Sedibus
520 594 528 610 ‚
549 561 893 616 impulimusque
911 578 920 602 ε
943 574 993 604 ea
1013 562 1133 617 lapsa
1152 566 1334 617 repente
1352 567 1523 609 ruinam

322 634 430 672 Cum
446 631 594 673 sonitu
611 630 745 672 trahit
762 662 771 677 ‚
795 633 839 672 et
856 631 1059 672 Danaum
1081 643 1128 673 su
1133 644 1212 686 per
1229 634 1405 685 agmina
1424 635 1512 678 late

325 699 498 742 Incidit.
520 703 600 742 Ast
617 700 689 741 alii
708 700 898 742 subeunt
915 717 923 740 ε
948 711 1032 742 nec
1047 712 1166 751 saxa,
1185 713 1269 745 nec
1284 703 1424 746 ullum

322 771 530 812 Telorum
552 772 722 812 interea
738 773 876 812 cessat
892 781 1048 823 genus.

374 839 652 881 Vestibulum
672 841 773 881 ante
793 839 936 891 ipsum
952 839 1188 893 primoque
1208 842 1255 881 in
1270 842 1423 885 limine
1440 845 1636 896 Pyrrhus

325 910 523 952 Exsultat
542 940 550 956 ,
570 910 663 952 telis
684 913 729 952 et
746 910 845 951 luce
862 921 1070 952 coruscus
1088 912 1211 952 ae'na.

324 977 471 1026 Qualis
491 979 567 1020 ubi
583 980 630 1020 in
647 978 792 1021 lucem
807 979 986 1021 coluber
1002 981 1117 1021 mala
1137 982 1335 1032 gramina
1353 984 1523 1036 pastus,

324 1046 500 1099 Frigida
513 1046 593 1088 sub
615 1049 731 1088 terra
748 1047 968 1088 tumidum
987 1059 1117 1099 quem
1134 1049 1291 1092 bruma
1308 1052 1502 1102 tegebat,

326 1118 455 1159 Nunc
474 1118 625 1171 positis
644 1129 785 1160 novus
801 1120 990 1167 exuviis,
1013 1118 1265 1172 nitidusque
1279 1121 1485 1172 juventa,

327 1190 514 1232 Lubrica
533 1189 761 1232 convolvit
773 1189 946 1231 sublato
966 1193 1145 1243 pectore
1166 1194 1289 1243 terga

329 1258 506 1301 Arduus
527 1259 580 1300 ad
601 1259 760 1304 solem,
785 1261 830 1301 et
844 1259 1007 1310 linguis
1028 1260 1162 1301 micat
1178 1270 1253 1302 ore
1271 1260 1476 1303 trisulcis.

269 1330 273 1335 '
327 1330 594 1382 Unaingens
610 1329 844 1382 Periphas,
869 1331 913 1371 et
932 1340 1150 1382 equorum
1169 1332 1357 1383 agitator
1373 1332 1552 1375 Achillis

330 1399 535 1451 Armiger
551 1398 834 1441 Automedon
852 1416 861 1447 ;
883 1411 973 1442 una
992 1401 1136 1442 omnis
1156 1403 1306 1452 Scyria
1325 1402 1462 1454 pubes

246 1477 265 1495 2
327 1468 582 1511 Succedunt
601 1471 717 1511 tecto
732 1500 742 1516 ‚
764 1472 806 1511 et
825 1466 1019 1511 flammas
1039 1471 1095 1512 ad
1113 1471 1310 1512 culmina
1318 1472 1502 1522 jactant.

329 1538 427 1590 Ipse
443 1537 560 1580 inter
576 1538 741 1592 primos
758 1541 964 1592 correpta
984 1537 1092 1580 dura
1105 1538 1288 1592 bipenni

331 1607 502 1648 Limina
517 1608 790 1661 perrumpit;
810 1611 1043 1661 postesque
1063 1620 1086 1650 a
1107 1607 1286 1651 cardine
1304 1609 1427 1651 vellit

330 1679 522 1726 AEratos;
540 1679 721 1731 jamque
735 1676 879 1720 excisa
898 1679 1022 1720 trabe
1042 1677 1167 1720 firma
1186 1680 1359 1721 cavavit
1426 1704 1430 1708 -

330 1747 531 1794 Robora,
551 1750 594 1791 et
612 1749 841 1800 ingentem
857 1749 947 1790 lato
972 1748 1094 1790 dedit
1107 1759 1183 1791 ore
1207 1747 1455 1795 fenestram.

330 1815 529 1870 Adparet
548 1816 704 1858 domus
720 1816 838 1858 intus
856 1848 864 1863 ‚
889 1821 934 1859 et
948 1818 1058 1859 atria
1075 1819 1208 1870 longa
1227 1821 1480 1871 patescunt;

331 1886 563 1940 Adparent
579 1888 744 1929 Priami
759 1891 803 1930 et
827 1892 1028 1930 veterum
1047 1888 1288 1941 penetralia
1307 1900 1483 1941 reguum

331 1959 625 2010 Armatosque
642 1957 797 1999 vident
814 1959 980 2000 stantes
1000 1958 1046 1999 iu
1064 1957 1216 1998 limine
1231 1957 1394 2011 primo.

385 2025 444 2065 At
461 2025 617 2067 domus
635 2025 818 2068 interior
835 2026 1005 2078 gemitu
1019 2026 1266 2077 miseroque
1291 2027 1479 2068 tumultu

333 2096 542 2138 Miscetur
559 2113 569 2144 ;
586 2096 852 2150 penitusque
872 2108 991 2138 cavae
1009 2095 1293 2149 plangoribus
1310 2096 1424 2138 aedes

332 2165 551 2208 Femineis
568 2166 741 2207 ululant
762 2181 772 2205 ι
791 2163 890 2207 ferit
908 2177 1041 2208 aurea
1056 2164 1200 2207 sidera
1219 2165 1402 2207 clamor.

334 2239 444 2277 Tum
460 2235 629 2287 pavidae
647 2237 773 2279 tectis
789 2239 950 2278 matres
969 2236 1221 2289 ingentibus
1242 2239 1415 2284 errant,

335 2309 417 2345 Am
427 2305 649 2358 plexaeque
668 2307 821 2348 tenent
839 2308 1015 2359 postes,
1039 2308 1168 2359 atque
1189 2307 1340 2349 oscula
1353 2306 1512 2359 figunt.

336 2376 474 2415 Instat
492 2375 534 2416 vi
552 2374 692 2428 patria
709 2374 928 2427 Pyrrhus:
950 2387 1034 2419 nec
1051 2377 1263 2425 claustra,
1283 2388 1426 2430 neque
1444 2377 1524 2431 ipsi

334 2442 545 2487 Custodes
561 2442 745 2487 sufferre
765 2445 925 2487 valent.
949 2445 1086 2487 Labat
1100 2446 1235 2488 ariete
1249 2446 1406 2489 crebro
