1917 2942
282 326 357 365 656
804 326 965 364 LIBER
997 327 1080 366 VII.

283 411 419 454 Cessit
433 422 555 454 amor
569 430 578 460 ;
595 414 842 464 recoquunt
859 413 1024 466 patrios
1040 411 1286 455 fornacibus
1306 423 1443 455 enses.

283 481 465 523 Classica
478 483 655 535 jamque
669 483 850 529 sonant;
872 481 1036 524 itbello
1052 485 1214 524 tessera
1229 481 1420 533 signum.

285 549 365 592 Hic
385 550 552 602 galeam
570 551 691 593 tectis
710 550 905 604 trepidus
919 552 1034 604 rapit
1056 568 1065 591 :
1086 551 1158 592 ille
1178 551 1410 593 frementes

287 621 356 661 Ad
368 622 471 673 J'uga
486 621 602 674 cogit
616 631 774 673 equos;
798 622 1073 675 clipeumque
1090 633 1283 676 auroque
1303 621 1492 664 trilicem

287 691 486 733 Loricam
503 690 714 737 induitur,
737 682 912 744 fidoque
933 692 1182 745 adcingitur
1202 702 1320 734 ense.

340 759 525 802 Pandite
544 770 663 801 nunc
683 760 920 808 Helicona,
942 759 1055 806 deae,
1080 762 1319 812 cantusque
1340 763 1514 803 movete
1532 776 1542 806 ;

291 825 374 876 Qui
388 825 505 868 bello
524 828 652 869 exciti
666 837 805 877 reges,
823 839 918 879 quae
936 839 1151 881 quemque
1170 831 1329 870 secutae

289 896 748 949 complerintcampos
764 896 900 944 acies;
923 897 1080 949 quibus
1098 896 1205 937 Itala
1218 897 1311 947 jam
1332 900 1424 937 tum

291 963 510 1006 Floruerit
529 967 645 1007 terra
663 965 778 1007 alma
795 966 915 1014 viris,
934 965 1089 1020 quibus
1108 966 1424 1008 arseritarmis.

291 1033 343 1071 Et
360 1032 620 1073 meministis
642 1033 787 1078 enim,
812 1031 947 1079 divae,
967 1037 1011 1075 et
1030 1043 1276 1076 memorare
1296 1035 1474 1087 potestis
1494 1050 1503 1073 :

293 1101 361 1142 Ad
376 1111 455 1142 nos
470 1103 543 1143 vix
558 1103 699 1143 tenuis
716 1101 840 1142 famae
860 1101 1104 1154 perlabitur
1123 1113 1243 1144 aura.

344 1171 516 1213 Primus
531 1172 615 1213 init
633 1171 801 1214 bellum
820 1170 1056 1224 Tyrrhenis
1074 1183 1199 1224 asper
1220 1171 1271 1213 ab
1290 1174 1377 1214 oris

294 1242 550 1281 contemtor
570 1239 722 1281 divum
741 1241 991 1288 Mezenti-us,
1014 1242 1274 1294 agminaque
1289 1244 1442 1283 armat.

294 1311 426 1353 Filius
446 1310 679 1362 huicjuxta
692 1313 869 1358 Lausus,
892 1322 978 1364 quo
995 1311 1220 1364 pulchrior
1238 1312 1346 1355 alter

296 1380 396 1422 Non
416 1378 510 1427 fuit,
532 1383 711 1433 excepto
726 1380 953 1422 Laurentis
972 1390 1154 1433 corpore
1172 1381 1324 1422 Turni.

296 1451 477 1496 Lausus,
495 1448 657 1501 equum
675 1448 878 1496 domitor,
902 1449 1231 1504 debellatorque
1248 1449 1455 1501 ferarum,

298 1519 427 1561 Ducit
446 1518 652 1571 Agyllina
668 1518 966 1573 nequidquam
984 1531 1035 1562 ex
1050 1520 1157 1562 urbe
1174 1525 1380 1573 sequutos

298 1589 418 1632 Mille
434 1590 554 1632 viros
570 1606 580 1638 ;
604 1590 761 1642 dignus
778 1590 929 1642 patriis
948 1590 1022 1643 qui
1042 1590 1182 1632 laetior
1200 1595 1313 1634 esset

300 1659 512 1711 Imperiis,
536 1661 580 1700 et
598 1662 668 1700 cui
686 1661 808 1712 pater
828 1657 945 1700 haud
966 1660 1206 1702 Mezentius
1226 1663 1353 1703 esset.

353 1731 458 1770 Post
477 1728 556 1770 hos
574 1729 793 1782 insignem
812 1728 957 1782 palma
976 1740 1054 1783 per
1073 1732 1272 1782 gramina
1287 1743 1484 1779 currum,

302 1798 589 1852 Victoresque
609 1802 799 1841 ostentat
818 1810 967 1852 equos⁹
986 1801 1102 1842 satus
1122 1801 1314 1844 Hercule
1328 1801 1514 1856 pulchro
1527 1808 1537 1813 ’

300 1867 493 1911 Pulcher
513 1870 778 1916 Aventinus3
802 1869 1033 1923 clipeoque
1052 1870 1223 1924 insigne
1244 1873 1477 1925 paternum

301 1941 487 1981 Centum
500 1949 663 1991 angues
679 1939 955 1994 cinctamque
971 1941 1082 1992 gerit
1095 1941 1582 1996 serpentibushydram:

302 2010 434 2051 Collis
455 2011 660 2052 Aventini
679 2011 786 2052 silva
807 2022 936 2063 quem
954 2010 1075 2053 Rhea
1093 2011 1292 2054 sacerdos

305 2081 539 2121 Furtivum
553 2083 682 2133 partu
701 2080 781 2121 sub
797 2080 975 2121 luminis
994 2080 1132 2122 edidit
1147 2091 1242 2123 oras
1259 2113 1269 2129 ,

308 2150 543 2192 Mixtadeo
562 2151 732 2197 mulier,
756 2152 986 2204 postquam
1005 2152 1239 2194 Laurentia
1256 2153 1412 2201 victor,

305 2221 509 2272 Geryone
529 2220 760 2266 exstincto,
779 2219 1028 2270 Tirynthius
1048 2220 1204 2274 adtigit
1219 2232 1337 2269 arva,

306 2289 617 2343 Tyrrhenoque
636 2288 768 2331 boves
786 2289 833 2329 in
848 2286 1028 2333 flumine
1043 2291 1148 2333 lavit
1167 2291 1326 2333 Iberas.

311 2359 404 2401 Pila
426 2372 559 2402 manu
577 2370 797 2413 saevosque
815 2363 975 2412 gerunt
990 2361 1036 2402 in
1054 2361 1173 2405 bella
1194 2360 1373 2404 dolones
1392 2379 1400 2408 ;

312 2433 364 2470 Et
385 2432 507 2472 tereti
526 2434 724 2485 pugnant
744 2441 954 2473 mucrone
975 2443 1169 2484 veruque
1182 2432 1373 2475 Sabello.

1500 328 1549 366 ἑὲ

1554 329 1576 366 ω
