1917 2942
220 321 294 359 576
742 321 901 360 LIBER
934 321 1028 360 VH.
1448 323 1516 360 32!

227 407 548 461 implorantque
566 405 683 451 deos.
702 404 1064 458 obtestanturque
1085 405 1302 448 Latinum.

225 480 393 517 Turnus
412 475 547 522 adest,
568 474 801 528 medioque
818 476 865 516 in
888 475 1075 518 crimine
1089 475 1220 518 caedis
1240 480 1284 519 et
1304 475 1418 528 ignis

225 548 452 587 Terrorem
470 544 708 595 ingeminat
727 560 736 584 ι
754 547 948 586 Teucros
969 547 1014 586 in
1031 555 1164 598 regna
1180 545 1331 588 vocari
1347 562 1358 593 ;

227 614 412 667 Stirpem
434 613 665 655 admisceri
682 611 945 666 Phrygiam;
967 624 1013 655 se
1030 613 1184 656 limine
1200 613 1316 666 pelli.

227 688 351 732 Tum,
370 695 559 737 quorum
576 683 785 726 adtonitae.
801 683 972 726 Baccho
988 695 1173 727 nemora
1190 684 1287 725 avia
1306 684 1466 725 matres

230 753 448 795 Insultant
475 752 626 794 thiasis
646 754 808 805 (neque
830 754 946 794 enim
962 752 1061 795 leve
1079 763 1245 794 nornen
1264 755 1466 803 Amataej,

232 822 433 875 Undique
451 821 626 864 collecti
640 822 816 868 coeunt,
839 824 1112 876 Martemque
1130 822 1328 875 fatigant.

231 891 353 933 liicct
375 890 601 932 infandum
618 891 766 933 cuncti
782 895 936 933 contra
951 893 1099 934 omina
1111 892 1276 935 be'lum
1294 924 1304 939 ‚

233 963 390 1002 Contra
409 960 494 1002 fata
515 960 661 1007 deum.
681 972 888 1015 perverso
908 963 1090 1004 numine
1109 967 1321 1016 poscunt:

233 1031 440 1072 Certatim
470 1030 587 1082 regis
607 1030 892 1072 circumstant
907 1033 1023 1072 tecta
1039 1032 1198 1072 Latini.

233 1099 324 1145 lile.
354 1100 477 1141 velut
493 1100 635 1152 pelagi
653 1110 784 1152 rupes
807 1099 1006 1145 immota,
1028 1101 1189 1143 resistit

235 1171 310 1215 (Ut
325 1169 467 1222 pelagi
488 1180 631 1224 rupes,
653 1179 814 1221 magno
831 1169 1036 1212 veniente
1063 1170 1271 1224 fragore).

235 1241 340 1287 Quae
355 1249 462 1282 sese.
486 1238 630 1280 multis
649 1240 819 1280 circum
837 1238 1100 1282 latrantibus
1121 1240 1268 1286 undis.

237 1307 346 1350 Mole
366 1309 509 1358 tenet3
527 1308 698 1361 scopuli
710 1307 1008 1363 nequidquam
1023 1312 1068 1351 et
1083 1320 1264 1363 spumea
1280 1310 1447 1352 circum

235 1379 342 1419 Saxa
359 1375 565 1423 fremunt,
585 1377 800 1430 laterique
822 1377 935 1420 illisa
949 1377 1202 1421 refunditur
1216 1380 1330 1433 alga.

239 1450 390 1489 verum
411 1477 420 1494 ,
436 1445 510 1487 ubi
529 1444 651 1486 nulia
667 1444 797 1486 datur
816 1456 984 1487 caecum
999 1456 1261 1500 exsuperare
1276 1450 1470 1501 potestas

239 1516 481 1559 Consilium
500 1548 511 1565 ‚
534 1519 579 1557 et
593 1526 718 1558 saevoe
738 1517 850 1557 nutu
871 1518 896 1556 J
901 1516 1060 1558 unonis
1078 1518 1186 1559 eunt
1204 1529 1300 1564 res3

243 1587 379 1628 Multa
398 1586 502 1627 deos
517 1595 731 1635 aurasque
750 1585 876 1638 pater
892 1587 1071 1627 testatus
1086 1586 1264 1634 inanes,

243 1669 258 1690 a
281 1655 554 1707 Frangimur,
573 1652 685 1695 heu!
709 1650 805 1695 fatis
824 1683 833 1700 ,
851 1654 1019 1706 inquit.
1037 1651 1309 1706 ferimurque
1320 1653 1535 1708 procella!

243 1726 327 1778 Ipsi
345 1725 423 1767 has
440 1725 652 1777 sacrilego
668 1724 871 1778 pendetis
887 1724 1104 1777 sanguine
1124 1736 1274 1778 poenas
1291 1757 1302 1774 ,

242 1797 275 1854 Q
293 1794 440 1837 miseri
461 1797 565 1844 ῑΤθ,
592 1797 738 1835 Turne
754 1825 764 1845 ‚
782 1793 902 1837 nefas
918 1823 929 1845 ‚
945 1795 988 1836 te
1008 1795 1129 1836 triste
1148 1794 1344 1836 manebit

242 1865 513 1919 Supplicium
528 1881 538 1912 ;
553 1863 755 1917 votisque
772 1863 876 1905 deos
892 1863 1158 1912 venerabere
1175 1864 1296 1905 seris.

243 1937 350 1975 Nam
368 1933 474 1975 milii
498 1938 623 1987 parta
638 1935 760 1986 quies
773 1967 782 1980 ,
805 1933 1032 1986 omnisque
1051 1935 1097 1975 in
1117 1932 1269 1975 limine
1283 1936 1463 1987 portus:

249 2006 415 2047 Funere
431 2002 545 2047 felici
559 2003 740 2056 spolior.
762 2017 779 2042 α
800 2005 891 2045 Nec
911 2005 1039 2056 plura
1057 2005 1265 2056 loquutus

245 2073 395 2129 Saepsit
410 2085 455 2115 se
471 2074 595 2116 tectis
612 2102 621 2120 ,
637 2083 871 2125 rerumque
887 2072 1065 2126 reliquit
1076 2072 1283 2116 habenas,

296 2147 386 2184 Mos
399 2145 494 2186 erat
513 2143 728 2194 Hesperio
752 2141 800 2182 in
820 2142 944 2183 Latio
959 2171 970 2188 ‚
990 2153 1122 2195 quem
1142 2143 1346 2196 protinus
1366 2143 1495 2186 urbes

251 2211 429 2255 Albanae
448 2213 621 2255 coluere
638 2223 811 2254 sacrum
827 2243 836 2260 ,
853 2223 975 2255 nunc
988 2213 1174 2255 maxima
1189 2225 1338 2256 rerum

250 2287 386 2326 Roma
405 2283 533 2331 colit,
556 2295 694 2336 quum
715 2282 853 2335 prima
874 2286 1061 2326 movent
1075 2284 1121 2325 in
1141 2284 1292 2338 praelia
1311 2287 1493 2326 Martem
1511 2316 1518 2330 ,

250 2353 344 2394 Sive
358 2354 477 2394 Getis
495 2353 656 2396 inferre
673 2364 808 2394 manu
826 2352 1108 2404 lacrymabile
1121 2353 1285 2396 beilum
1306 2385 1315 2403 ‚

251 2426 517 2474 lrlyrcanisve
538 2424 747 2466 Arabisve
769 2426 943 2478 parant.
962 2436 1039 2468 seu
1060 2425 1239 2466 tendere
1259 2424 1313 2467 ad
1337 2425 1480 2469 Indos,
