1917 2942
334 355 406 396 {330
822 360 892 397 GE
903 353 1154 397 ORGICO'N
1565 359 1642 396 1465

331 446 391 483 Te
406 474 416 492 ,
437 442 575 484 dulcis
591 444 753 494 conjux
769 473 779 493 ,
802 445 844 484 te
862 443 957 484 solo
976 444 1022 484 in
1036 445 1165 485 litore
1180 454 1328 485 secum
1350 475 1357 488 ,

330 516 390 555 Te
410 514 615 555 veniente
634 512 725 559 die,
750 515 791 555 te
819 513 1076 563 decedente,
1092 514 1292 555 canebat.

329 584 550 624 Taenarias
573 583 704 625 etiam
726 580 895 631 fauces,
917 584 1004 624 alta
1024 584 1132 625 ostia
1153 583 1285 629 Ditis,

332 653 387 691 Et
403 652 666 704 caligantem
687 652 814 705 nigra
833 651 1071 694 formidine
1088 655 1239 695 lucum

331 723 556 773 Ingressus
575 753 584 770 ,
610 726 843 773 Manesque
865 722 994 769 adiit,
1017 734 1254 775 regemque
1271 722 1548 764 tremendum
1566 752 1575 766 ,

331 790 367 829 N
374 792 575 842 esciaque
591 789 797 831 humanis
819 791 1020 843 precibus
1038 801 1345 833 mansuescere
1366 790 1513 832 corda,

332 862 392 899 At
411 862 544 902 cantu
562 864 795 903 commotas
813 860 943 901 Erebi
960 859 1014 902 de
1038 860 1213 902 sedibus
1237 860 1332 900 imis

333 928 507 970 Umbrae
529 928 652 970 ibant
674 931 850 976 tenues,
872 931 1195 983 simulacraque
1210 930 1310 971 luce
1330 932 1559 970 carentum
1584 945 1592 967 :

331 1003 475 1048 Quam
493 1001 633 1041 multa
652 999 697 1039 in
719 998 832 1041 foliis
848 1002 997 1042 avium
1011 1011 1056 1041 se
1076 1000 1215 1041 millia
1232 999 1432 1041 condunt
1453 1030 1461 1050 ,

332 1071 497 1123 Vesper
514 1069 588 1110 ubi
610 1071 685 1111 aut
703 1068 914 1111 hibernus
932 1070 1022 1122 agit
1042 1069 1095 1111 de
1113 1070 1337 1111 montibus
1352 1069 1493 1110 imber
1516 1085 1524 1107 :

333 1142 492 1180 Matres
508 1170 518 1189 ,
543 1144 673 1192 atque
689 1137 792 1185 viri,
814 1138 1110 1193 defunctaque
1129 1149 1314 1193 corpora
1332 1138 1422 1179 vita

335 1209 665 1262 Magnanimum
680 1208 891 1257 heroum,
914 1210 1038 1262 pueri
1058 1241 1066 1256 ‚
1084 1210 1377 1264 innuptaeque
1392 1208 1562 1262 puellm,

334 1279 621 1333 Impositique
636 1280 755 1333 rogis
766 1282 952 1331 juvenes
974 1284 1076 1321 ante
1097 1291 1171 1321 ora
1185 1281 1445 1334 parentum3

334 1352 452 1399 Quos
469 1350 637 1391 circum
651 1349 780 1390 limus
795 1349 934 1402 niger.
956 1351 999 1392 et
1016 1348 1227 1392 deformis
1244 1349 1416 1391 arundo

336 1418 488 1468 cocyti
503 1448 512 1464 ‚
536 1416 746 1471 tardaque
762 1418 886 1472 palus
901 1418 1151 1460 inamabilis
1175 1418 1295 1459 unda

338 1487 538 1540 Adligat,
564 1490 608 1530 et
627 1488 779 1529 novies
800 1490 906 1539 Styx
927 1487 1141 1530 interfusa
1159 1491 1352 1531 coercet.

335 1558 454 1607 Quin
473 1559 577 1612 ipsae
596 1560 806 1611 stupuere
823 1557 1002 1605 domus,
1026 1559 1156 1611 atque
1173 1559 1330 1599 intima
1350 1559 1443 1599 Leti

333 1630 528 1676 Tartara,
551 1628 851 1679 caeruleosque
869 1627 1069 1681 implexae
1092 1629 1284 1671 crinibus
1307 1639 1471 1680 angues

336 1697 600 1740 Eumenides
619 1727 627 1743 ‚
650 1697 883 1749 tenuitque
898 1697 1073 1738 inhians
1093 1699 1173 1737 tria
1193 1698 1408 1739 Cerberus
1430 1709 1528 1742 ora,

337 1768 482 1820 Atque
498 1765 654 1808 Ixionii
673 1770 809 1808 vento
832 1769 929 1807 rota
946 1766 1147 1807 constitit
1167 1766 1301 1808 orbis.

396 1851 413 1874 (ι
436 1839 623 1889 Jamque
640 1834 798 1889 pedem
819 1834 1016 1877 referens
1031 1847 1156 1877 casus
1175 1836 1374 1877 evaserat
1392 1845 1546 1876 omnes
1565 1866 1573 1880 ,

342 1906 619 1960 Redditaque
638 1904 863 1957 Eurydice
880 1916 1060 1958 superas
1081 1905 1286 1947 veniebat
1302 1902 1356 1944 ad
1373 1915 1520 1951 auras,

339 1982 464 2020 Pone
475 1988 673 2030 sequens,
691 1987 882 2029 namque
897 1977 1012 2019 banc
1025 1976 1206 2019 dederat
1217 1976 1486 2028 Proserpina
1498 1976 1654 2027 legem:

337 2052 486 2098 Quum
505 2048 649 2089 subita
664 2048 894 2089 incautum
916 2045 1142 2089 dementia
1163 2045 1279 2100 cepit
1299 2048 1519 2086 amantem
1538 2076 1547 2091 ‚

341 2118 618 2171 ignoscenda
637 2117 817 2172 quidem
836 2150 845 2166 ,
868 2118 1033 2159 scirent
1053 2117 1087 2159 si
1107 2118 1337 2169 ignoscere
1354 2118 1503 2156 Manes
1523 2117 1531 2154 l

341 2187 533 2235 Restitit,
555 2185 894 2239 Eurydicenque
911 2197 1034 2228 suam
1053 2188 1147 2237 jam
1166 2186 1265 2228 luce
1285 2184 1363 2227 snb
1380 2184 1497 2236 ipsa,

341 2260 594 2304 Immemor,
611 2256 698 2298 heu
718 2259 726 2297 2
750 2256 980 2309 victusque
997 2257 1147 2301 animi,
1170 2255 1409 2310 respexit...
1431 2252 1495 2293 lbi
1516 2254 1657 2293 omnis

341 2325 515 2368 Effusus
535 2327 671 2372 labor,
696 2329 825 2379 atque
842 2327 1024 2368 immitis
1047 2329 1179 2380 rupta
1195 2325 1376 2379 tyranni

343 2395 549 2444 Foedera,
572 2401 726 2449 terque
743 2394 887 2449 fragor
904 2397 1072 2449 stagnis
1091 2396 1264 2439 auditus
1284 2393 1485 2437 Avernis.

343 2468 444 2508 Illa:
467 2482 483 2503 a
499 2467 605 2518 Quis
625 2470 667 2508 et
682 2478 766 2512 me,
787 2466 944 2519 inquit,
967 2467 1187 2514 miseram,
1210 2469 1255 2508 et
1281 2467 1325 2506 te
1351 2462 1561 2515 perdidit,
1576 2466 1659 2502 Or-

1487 2534 1627 2591 [pheu
1642 2535 1659 2572 ’ζ’
