1917 2942
246 273 323 311 434
777 272 942 311 LIBER
974 273 1005 311 Ι.
1487 277 1553 314 1551

247 358 460 409 Reginam
477 358 733 411 opperiens,
752 357 881 404 dum,
901 369 1000 409 qua:
1023 358 1197 399 fortuna
1220 359 1276 398 sit
1291 358 1388 400 urbi
1405 391 1416 408 ,

250 415 566 478 Artitic'umque
585 437 740 466 manus
759 427 876 467 inter
894 437 939 467 se
954 458 965 475 ,
987 437 1265 479 operumque
1284 427 1480 469 laborem

246 496 443 541 Miratur.
463 496 585 537 videt
602 497 753 536 Iliacas
767 506 820 537 ex
841 494 999 538 ordine
1019 506 1189 548 pugnas
1206 528 1213 538 .

243 566 449 617 Bellaque
460 566 553 614 Jam
574 564 687 605 fama
703 568 844 605 totum
860 564 1040 617 vulgata
1054 575 1133 617 per
1153 565 1306 606 orbem
1324 597 1333 612 ,

248 633 421 675 Atridas
436 665 446 684 ,
470 634 805 686 Priamumque,
830 636 1055 674 etsaemm
1076 632 1287 673 ambobus
1303 632 1538 675 Achillem.

247 704 473 750 Constitit3
496 707 538 745 et
553 704 818 755 lacrymans:
839 702 1068 753 «Quisjam
1086 704 1223 749 locus,
1244 704 1401 755 inquit,
1421 703 1564 746 Acha-

245 777 352 824 Quae
372 773 492 825 regio
506 774 553 814 in
573 772 704 814 terris
719 772 857 814 nostri
881 783 975 813 non
1002 773 1128 826 plena
1146 773 1340 814 laboris?
1482 771 1558 828 με,

246 847 311 884 En
331 843 550 884 Priamus.
569 844 680 883 Sunt
696 842 767 883 hic
788 843 922 884 etiam
941 854 1020 883 sua
1037 844 1219 896 praemia
1239 842 1383 890 laudi;
1426 896 1429 901 Α

247 914 359 952 Sunt
377 913 581 962 lacrymae
604 922 773 957 rerum,
795 915 839 953 et
853 917 1048 953 mentem
1067 912 1274 953 mortalia
1289 916 1494 964 tangunt.

244 981 374 1022 Solve
400 983 566 1022 metus:
592 980 701 1023 feret
720 979 814 1022 haec
834 980 1027 1031 aliquam
1045 979 1123 1021 tibi
1145 979 1258 1022 fama
1276 981 1477 1023 salutem.
1501 997 1516 1017 a

299 1050 369 1091 Sic
390 1051 473 1097 ait,
497 1054 628 1102 atque
648 1050 845 1089 animum
864 1050 1035 1102 pictura
1054 1050 1328 1102 pascitinani
1346 1080 1355 1095 ‚

246 1118 386 1158 Multa
410 1129 613 1171 gemens,
634 1119 843 1170 largoque
859 1117 1087 1158 humectat
1104 1114 1287 1158 flumine
1303 1118 1496 1160 vultum.

244 1188 440 1239 Namque
456 1187 635 1229 videbat
650 1188 713 1228 uti
729 1187 941 1229 bellantes
965 1191 1175 1238 Pergama
1195 1187 1363 1229 circum

245 1259 338 1298 Hac
360 1255 566 1309 fugerent
583 1256 702 1297 Graii
721 1286 730 1302 ,
753 1259 975 1308 premeret
992 1257 1429 1309 Trojanajnventus;

246 1328 340 1368 Hac
363 1325 587 1379 Phryge53
611 1328 796 1369 instaret
816 1336 950 1367 curru
969 1326 1173 1368 cristatus
1196 1326 1404 1369 Achilles.

245 1397 335 1437 Nec
351 1396 507 1450 procul
522 1396 627 1437 hinc
650 1394 780 1437 Rhesi
797 1395 941 1437 niveis
962 1396 1160 1438 tentoria
1177 1397 1287 1438 velis

246 1464 492 1518 Adgnoscit
508 1467 759 1518 lacrymans
776 1481 786 1512 ;
803 1467 947 1520 primo
964 1477 1062 1519 quae
1078 1464 1255 1520 prodita
1270 1477 1428 1509 somno

245 1535 436 1588 Tydides
454 1536 594 1577 multa
612 1536 813 1578 vastabat
832 1535 952 1577 cte-cle
974 1539 1215 1584 cruentus;

247 1606 553 1658 Ardentesque
570 1607 728 1647 avertit
748 1617 884 1659 equos
903 1605 951 1646 in
966 1608 1108 1647 castra
1126 1638 1135 1653 ‚
1163 1606 1283 1659 prius
1304 1617 1436 1659 quain

246 1675 415 1716 Pabula
434 1677 682 1727 gustassent
695 1677 835 1725 Trojae
850 1706 860 1720 ,
882 1673 1199 1727 Xanthumque
1213 1674 1440 1717 bibissent..

246 1746 378 1786 Parte
406 1745 489 1785 alia
508 1743 678 1794 fugiens
696 1744 861 1785 amissis
882 1744 1055 1785 Tr‘oilus
1073 1744 1228 1790 armis,

244 1813 399 1856 Infelix
419 1825 545 1868 puer.
567 1816 698 1866 atque
711 1815 856 1868 impar
875 1824 1136 1866 congressus
1164 1813 1350 1857 Achilli,

248 1887 407 1925 Fertur
424 1884 563 1936 equis,
586 1895 808 1936 curruque
823 1883 959 1925 haeret
977 1883 1210 1935 resupinus
1229 1883 1376 1930 inani,

247 1957 361 1995 Lora
379 1955 532 1994 tenens
546 1955 708 1995 tamen:
723 1953 826 1994 huic
837 1953 1072 2005 cervixque
1086 1963 1313 2006 comaeque
1327 1951 1535 1994 trahuntu
1545 1967 1564 1995 r

245 2027 332 2064 Per
355 2028 517 2063 terram
536 2054 544 2070 ‚
566 2024 609 2063 et
623 2033 752 2063 versa
767 2022 910 2075 pulvis
924 2020 1181 2063 inscribitur
1201 2022 1402 2083 hasta-&3M

246 2095 419 2134 Interea
438 2090 494 2133 ad
513 2091 728 2145 templum
747 2102 837 2132 non
854 2103 991 2144 aequae
1020 2091 1211 2134 Palladis
1230 2092 1352 2134 ibant
1371 2084 1375 2096 ¹

246 2163 449 2204 Crinibus
470 2160 627 2203 Iliades
647 2161 783 2214 passis
801 2192 811 2207 ,
833 2161 1102 2214 peplumque
1124 2159 1324 2202 terebant

249 2233 516 2288 Suppliciter
536 2232 703 2278 tristes,
726 2234 770 2271 et
791 2233 929 2272 tunsae
952 2234 1134 2284 pectora
1155 2231 1327 2284 palmis.

248 2304 358 2344 Diva
379 2303 472 2344 solo
490 2301 596 2343 fixos
617 2302 767 2343 oculos
786 2311 935 2342 aversa
957 2300 1148 2341 tenebat.

251 2377 335 2414 Ter
355 2373 522 2414 circum
546 2371 701 2412 Iliacos
720 2372 972 2423 raptaverat
988 2372 1179 2411 Hectora
1201 2380 1374 2411 muros,
