1917 2942
317 318 394 357 258
842 317 1101 356 AENEIDOS
1550 318 1626 358 5¹7

320 404 492 447 Decidit
511 403 742 450 exanimis,
764 404 990 457 vitamque
1009 402 1186 456 reliquit
1206 404 1253 444 iu
1273 405 1402 445 astris

321 475 537 524 AEtheriis‚
562 475 775 528 fixamque
791 474 926 516 refert
942 473 1120 527 delapsa
1138 475 1355 527 sagittam.

320 547 491 587 Amissa
506 544 623 587 solus
641 546 788 598 palma
802 544 1036 598 superabat
1055 546 1236 586 Acestes
1252 557 1262 580 ι

321 618 407 667 Qui
423 617 574 658 tamen
591 614 729 656 aerias
747 616 884 657 telum
904 613 1135 657 contendit
1158 614 1205 655 in
1225 624 1366 660 auras,

325 687 560 727 ostentans
579 688 809 739 artemque
823 687 963 739 pater,
987 695 1226 738 arcumque
1244 687 1491 727 sonantem.

322 755 409 796 Hic
428 753 564 796 oculis
584 754 779 796 subitum
798 752 1002 804 objicitur
1022 764 1273 806 magnoque
1292 751 1488 795 futurum

324 825 525 877 Augurio
542 826 790 866 monstrum
814 840 823 864 ε
842 823 995 866 docuit
1015 827 1117 876 post
1136 824 1276 866 exitus
1296 824 1475 875 ingens;

325 897 517 947 seraque
539 894 722 937 terrifici
741 894 1002 937 cecinerunt
1020 894 1170 935 omina
1184 894 1322 935 vates.

327 967 528 1017 Namque
545 964 699 1006 volans
714 963 891 1017 liquidis
911 964 959 1004 in
974 962 1165 1005 nubibus
1183 963 1288 1005 arsit
1302 963 1490 1014 arundo,

330 1033 617 1086 signavitque
633 1033 751 1075 viam
774 1032 975 1079 flammis,
996 1035 1238 1084 tenuesque
1256 1033 1435 1074 recessit

329 1104 567 1144 consumta
586 1103 634 1143 in
650 1104 805 1145 ventos
829 1118 839 1141 ι
859 1103 972 1144 coelo
991 1112 1072 1144 eeu
1092 1112 1208 1155 saepe
1221 1101 1354 1142 refixa

331 1175 656 1215 Transcurrunt
680 1173 935 1225 crinemque
953 1171 1149 1214 volantia
1167 1171 1310 1213 sidera
1329 1170 1515 1215 ducunt.

333 1241 554 1283 Adtonitis
572 1241 739 1284 haesere
759 1241 931 1288 animis,
949 1251 1218 1295 superosque
1235 1241 1416 1294 precati,

333 1310 808 1363 TrinacriiTeucrique
822 1310 906 1351 viri
928 1326 939 1349 ε
958 1321 1042 1352 nec
1060 1310 1274 1351 maximus
1290 1319 1424 1352 omen

336 1380 504 1422 Abnuit
524 1383 676 1422 AEneas
695 1395 704 1427 ;
731 1378 809 1421 sed
824 1381 974 1421 laetum
994 1380 1217 1432 amplexus
1233 1381 1424 1421 Acesten

336 1451 588 1492 Muneribus
605 1449 801 1493 cumulat
816 1450 1000 1501 magnis,
1026 1459 1076 1490 ac
1097 1450 1196 1491 talia
1214 1448 1352 1490 fatur:

393 1534 409 1556 α
430 1522 576 1568 Sume,
595 1521 721 1573 pater
744 1535 753 1559 ι
774 1529 878 1559 nam
898 1521 939 1560 te
957 1518 1100 1559 voluit
1118 1529 1194 1560 rex
1210 1529 1396 1570 magnus
1414 1519 1591 1571 Olympi

336 1589 507 1630 Talibus
524 1588 727 1642 auspiciis
742 1590 961 1630 exsortem
980 1586 1141 1630 ducere
1159 1586 1366 1630 honores.

338 1658 479 1711 Ipsius
499 1657 704 1699 Anchisae
719 1657 911 1709 longaevi
926 1657 1012 1699 hoc
1031 1668 1190 1699 munus
1204 1657 1395 1703 habebis,

339 1730 516 1769 Cratera
533 1728 796 1781 impressum
816 1727 966 1779 signis,
990 1737 1122 1779 quem
1141 1726 1347 1769 Thracius
1366 1727 1472 1768 olim

343 1796 544 1839 Anchisae.
560 1797 750 1849 genitori
766 1796 812 1837 in
831 1806 994 1849 magno
1013 1807 1198 1838 munere
1217 1795 1387 1838 Cisseus

341 1869 473 1909 Ferre
492 1866 557 1907 sui
577 1865 758 1908 dederat
777 1868 1116 1908 monumentum
1134 1866 1178 1907 et
1196 1865 1358 1918 pignus
1379 1867 1555 1908 amoris.
1576 1881 1593 1904 ι)

394 1935 466 1977 Sic
486 1934 611 1983 fatus,
635 1935 774 1988 cingit
789 1934 999 1976 viridanti
1020 1937 1221 1988 tempora
1238 1934 1363 1977 lauro
1379 1964 1388 1980 ‚

341 2007 399 2045 Et
412 2004 606 2058 primum
624 2007 728 2046 ante
744 2014 897 2045 omnes
915 2004 1130 2045 victorem
1150 2001 1341 2057 adpellat
1360 2004 1561 2047 Acesten.

344 2077 432 2117 Nec
450 2075 593 2115 bonus
615 2075 831 2126 Eurytion
852 2072 1216 2127 praelato'invidit
1234 2072 1416 2120 honori,

346 2144 557 2192 Quamvis
573 2144 691 2185 solus
707 2153 832 2185 avem
853 2143 965 2184 ccelo
985 2141 1144 2193 dejecit
1162 2141 1214 2183 ab
1235 2143 1338 2183 alto.

347 2212 577 2253 Proximus
596 2211 847 2265 ingreditur
867 2210 1010 2257 donis,
1029 2211 1102 2264 qui
1125 2209 1303 2252 vincula
1324 2209 1443 2264 rupit
1464 2224 1472 2246 :

347 2283 592 2328 Extremus,
612 2281 781 2324 volucri
802 2281 875 2335 qui
893 2281 986 2322 fixit
1003 2280 1219 2323 arundine
1235 2281 1418 2323 malum.

404 2353 463 2392 At
480 2352 606 2404 pater
624 2354 792 2400 AEueas‚
814 2349 1014 2392 nondum
1035 2350 1276 2392 certamine
1295 2349 1442 2397 misso,

356 2419 594 2463 Custodem
612 2419 665 2462 ad
686 2430 779 2463 sese
796 2418 1090 2471 comitemque
1108 2418 1296 2473 impubis
1310 2418 1390 2461 ltili

1440 2481 1459 2488 ι-
