1917 2942
221 316 296 356 546
741 311 905 350 LIBER
935 311 990 349 X.
1438 310 1508 347 401

222 402 274 441 Et
291 400 432 440 totum
452 398 580 451 clipei
596 394 713 438 ferro
735 394 954 446 dejecerat
973 393 1149 436 orbem.

222 471 394 512 Dixerat
407 468 482 511 ille
497 466 659 521 aliquid
675 476 899 519 magnum,
919 465 1098 517 vimque
1114 463 1264 505 adfore
1278 462 1414 505 verim

224 538 489 585 Crediderat,
509 539 706 589 coeloque
722 535 922 576 animum
944 534 1127 576 fortasse
1148 532 1330 579 ferebat,

226 608 526 659 canitiemque
542 605 622 647 sibi
644 608 688 648 et
703 604 859 657 longos
872 603 1141 658 promiserat
1157 612 1310 643 annos.

226 675 460 729 Tarquitus
473 674 691 718 exsultans
711 677 866 715 contra
882 671 1152 726 fulgentibus
1173 672 1322 716 armis,

226 745 437 788 silvicolae
459 748 611 786 Fauno
629 746 806 797 Dryope
826 753 953 796 quem
979 741 1186 795 Nympha
1205 743 1389 787 crearat,

228 818 388 859 Obvius
405 817 575 858 ardenti
591 827 684 858 sese
704 814 864 857 obtulit
881 832 890 854 :
910 815 983 857 ille
999 813 1180 856 reducta

230 888 430 928 Loricam
451 886 668 939 clipeique
683 887 839 938 ingens
855 897 969 927 onus
989 885 1170 940 impedit
1185 885 1325 927 hasta.

238 965 348 1002 Tum
368 964 499 1014 caput
517 960 683 1003 orantis
699 960 1017 1013 nequidquam.
1036 963 1080 1001 et
1096 959 1230 1001 multa
1244 959 1439 1012 parantis

232 1031 400 1076 Dicere,
422 1030 626 1071 deturbat
644 1032 800 1077 terrae3
821 1029 1118 1081 truncumque
1137 1030 1363 1081 tepentem

232 1099 512 1146 provolvens,
529 1110 661 1150 super
675 1098 771 1140 haec
792 1097 974 1140 inimico
990 1101 1170 1153 pectore
1194 1096 1306 1139 satur
1325 1113 1335 1138 :

241 1186 257 1209 α
273 1166 373 1210 Istic
390 1179 524 1215 nunc,
542 1167 792 1214 metuende,
811 1168 921 1218 jace.
939 1169 1039 1208 Non
1056 1170 1099 1209 te
1118 1167 1284 1220 optima
1305 1169 1445 1208 mater

234 1237 406 1278 condet
421 1237 557 1284 humi,
576 1238 774 1291 patriove
795 1236 997 1277 onerabit
1013 1235 1210 1278 membra
1225 1235 1425 1289 sepulcro
1444 1252 1454 1274 ι

234 1305 419 1347 Alitibus
433 1306 628 1358 linquere
646 1303 770 1354 feris;
793 1309 865 1346 aut
881 1303 1056 1358 gurgite
1072 1315 1266 1346 mersum

237 1374 361 1416 Unda
377 1374 498 1421 seret,
516 1376 746 1428 piscesque
763 1374 936 1427 impasti
955 1374 1139 1416 vulnera
1160 1373 1369 1415 lambent.
1383 1387 1400 1409 n

237 1445 441 1486 Protinus
459 1447 664 1485 Antaeum
680 1446 723 1486 et
737 1447 912 1488 Lucam.
934 1444 1078 1496 prima
1093 1443 1270 1495 agmina
1289 1442 1425 1483 Turni
1444 1473 1454 1488 ,

238 1514 530 1566 Persequitur,
565 1513 812 1567 fortemque
838 1517 1039 1559 Numam,
1074 1513 1334 1566 fulvumque
1363 1515 1540 1554 Camer-

243 1586 519 1636 Magnanimo
539 1585 770 1626 V‹·lscente
788 1586 944 1631 satum,
968 1582 1210 1625 ditissimus
1229 1584 1321 1636 agri
1414 1584 1536 1634 [ἵε-[1],

240 1654 322 1704 Qui
340 1654 420 1696 suit
436 1653 727 1699 Ausonidum,
746 1658 788 1696 et
809 1652 949 1694 tacitis
967 1653 1167 1704 regnavit
1180 1653 1387 1705 Amyclis.

242 1728 419 1778 AEgaeou
439 1727 592 1779 qualis,
609 1728 789 1768 centum
806 1725 874 1767 cui
895 1724 1072 1767 brachia
1091 1725 1244 1767 dicunt

242 1796 545 1847 centenasque
559 1805 731 1841 manus,
754 1795 1072 1847 quinquaginta
1087 1793 1239 1834 oribus
1258 1793 1409 1846 ignem

244 1863 588 1916 Pectoribusque
608 1865 777 1914 arsisse,
795 1864 916 1906 Jovis
936 1874 1072 1916 quum
1093 1863 1274 1907 fulmina
1291 1867 1448 1906 contra

247 1935 327 1974 Tot
344 1934 523 1987 paribus
538 1937 755 1987 streperet
769 1933 933 1986 clipeis,
956 1935 1022 1974 tot
1038 1933 1276 1984 stringeret
1294 1944 1418 1977 enses
1437 1950 1448 1974 ε

247 2005 317 2045 Sic
334 2006 426 2045 toto
451 2006 607 2045 AEneas
624 2003 805 2044 desaevit
822 2003 869 2048 iu
886 2013 1062 2055 aequore
1081 2002 1239 2048 victor,

248 2076 303 2114 Ut
328 2073 462 2117 semel
483 2074 672 2127 intepuit
693 2084 864 2116 mucro.
885 2072 1000 2123 Quin
1016 2083 1119 2116 ecce
1137 2073 1306 2127 Niphzei

251 2144 536 2198 Quadrijuges
558 2145 605 2186 in
625 2155 759 2198 equos
781 2143 1054 2197 adversaque
1072 2146 1253 2198 pectora
1268 2145 1433 2193 tendit3

253 2219 391 2269 Atque
413 2216 488 2262 illi,
513 2215 643 2267 longe
663 2214 936 2266 gradientem
956 2219 1001 2256 et
1017 2213 1112 2256 dira
1133 2213 1394 2258 frementem

257 2286 308 2324 Ut
324 2285 486 2329 videre.
508 2289 628 2327 metu
642 2284 754 2326 versi
777 2290 984 2335 retroque
1003 2285 1192 2331 ruentes,

256 2352 586 2406 Eilunduntque
603 2353 777 2400 ducein,
800 2354 1066 2407 rapiuntque
1082 2351 1136 2395 ad
1159 2353 1284 2396 litora
1304 2363 1472 2398 currus.

257 2426 431 2466 Interea
449 2424 606 2478 bijugis
629 2424 762 2466 infert
779 2434 823 2466 se
838 2426 1036 2476 Lucagus
1055 2422 1165 2469 albis
