1917 2942
430 329 508 370 404
952 330 1206 369 AENEIDOS
1649 330 1722 369 65ss

427 417 541 456 Tum
560 413 642 457 dea
659 413 776 456 nube
794 424 898 456 cava
919 414 1098 456 t'enuem
1113 413 1207 456 sine
1225 412 1390 455 viribus
1409 412 1610 455 umbram

431 485 483 524 In
498 482 656 525 faciem
676 486 823 523 AEneae
848 482 966 535 (visu
987 481 1191 524 mirabile
1209 484 1479 531 monstrum)

431 552 663 594 Dardaniis
684 556 814 594 ornat
836 553 954 600 telis;
977 552 1254 606 clipeumque
1268 551 1484 604 jubasque

430 623 579 665 Divini
600 621 832 664 adsimulat
846 622 1001 674 capitis
1019 637 1029 670 3
1049 621 1123 663 dat
1147 621 1295 663 inania
1315 622 1474 668 verba:

432 694 517 732 Dat
535 692 630 733 sine
648 695 796 732 mente
816 702 1000 739 sonum,
1028 702 1282 745 gressusque
1301 689 1475 743 effingit
1491 690 1633 734 euntis
1653 702 1662 730 :

429 762 570 803 Morte
589 761 711 802 obita
731 761 883 814 quales
903 760 1019 802 fama
1034 764 1099 802 est
1114 761 1298 804 volitare
1316 760 1474 812 figuras
1489 792 1500 812 ,

431 834 520 871 Aut
538 841 633 884 quae
654 832 820 884 sopitos
837 829 1055 872 deludunt
1075 831 1244 872 somnia
1259 841 1422 872 sensus.

430 902 489 940 At
507 900 671 953 primas
689 900 789 940 laeta
805 902 905 943 ante
929 901 1044 942 acies
1068 900 1254 942 exsultat
1273 900 1419 952 imago
1439 932 1448 949 ,

429 969 667 1021 Iri-itatque
686 968 831 1010 virum
852 969 970 1015 telis,
992 973 1035 1010 et
1061 980 1172 1011 voce
1190 969 1374 1011 lacessit.

430 1039 571 1080 Instat
588 1039 657 1080 cui
673 1042 870 1085 Turnus,
893 1039 1242 1092 stridentemque
1259 1039 1429 1080 eminus
1450 1039 1615 1082 hastam

432 1108 648 1154 Conjieit:‚
668 1107 749 1150 illa
765 1108 867 1150 dato
886 1110 1020 1150 vertit
1033 1108 1214 1161 vestigia
1231 1109 1370 1159 tergo.

433 1181 544 1218 Tum
563 1189 671 1220 vero
691 1181 854 1220 AEnean
874 1188 1074 1220 aversum
1091 1180 1142 1218 ut
1157 1177 1314 1220 cedere
1332 1180 1504 1219 Turnus

435 1246 656 1294 Credidit,
680 1249 809 1298 atque
829 1249 978 1288 animo
1007 1258 1128 1299 spem
1150 1246 1349 1288 turbidus
1363 1246 1507 1288 hausit
1529 1247 1702 1290 inanem
1723 1265 1731 1289 ι

440 1328 456 1351 α
479 1317 577 1365 Quo
593 1315 703 1368 fugis
722 1348 731 1363 ‚
753 1316 920 1357 AEnea?
938 1314 1151 1357 thalamos
1166 1327 1221 1357 ne
1240 1315 1389 1358 desere
1406 1316 1558 1368 pactos
1580 1332 1590 1356 ε

431 1389 526 1429 Hac
545 1386 719 1428 dabitur
737 1386 883 1428 dextra
903 1386 1035 1427 tellus
1053 1387 1233 1438 quaesita
1249 1397 1328 1440 per
1347 1384 1508 1427 undas.
1531 1399 1549 1423 n

435 1457 555 1499 Talia
571 1457 820 1500 vociferans
839 1458 1050 1509 sequitur,
1072 1457 1362 1510 strictumque
1384 1459 1586 1498 coruscat

435 1530 715 1573 Mucronem;
748 1537 831 1568 nec
852 1526 966 1568 ferre
983 1525 1103 1568 videt
1119 1537 1196 1567 sua
1213 1525 1372 1578 gaudia
1393 1527 1563 1567 ventos.

434 1598 565 1638 Forte
584 1595 688 1637 ratis
710 1594 811 1636 celsi
835 1596 1076 1646 conjuncta
1095 1593 1320 1650 crepidine
1341 1594 1431 1635 saxi

435 1662 651 1717 Expositis
665 1662 805 1703 stabat
820 1661 966 1713 scalis,
990 1665 1034 1703 et
1054 1665 1186 1717 pon-te
1204 1662 1359 1716 parato
1378 1677 1388 1709 ;

436 1735 531 1782 Qua
546 1742 621 1774 rex
640 1732 827 1773 Clusinis
847 1730 1055 1773 advectus
1079 1730 1252 1771 Osinius
1273 1729 1375 1771 oris.

438 1804 536 1843 Huc
550 1811 641 1843 sese
658 1799 829 1852 trepida
843 1803 989 1841 AEneae
1009 1798 1212 1851 fugientis
1232 1801 1376 1852 imago

437 1872 625 1924 conjicit
646 1871 693 1911 in
712 1870 895 1912 latebras
918 1886 927 1910 ε
949 1882 1033 1912 nec
1053 1874 1226 1912 Turnus
1246 1871 1422 1923 segnior
1437 1869 1585 1918 instat,

437 1945 764 1995 Exsuperatque
783 1952 952 1988 moras,
989 1945 1031 1982 et
1051 1944 1206 1995 pontes
1230 1940 1413 1981 transilit
1434 1940 1560 1981 altos.

437 2012 522 2053 Vix
536 2022 712 2065 proram
730 2010 969 2063 adtigerat3
992 2012 1159 2066 rumpit
1175 2010 1378 2052 Saturnia
1396 2008 1566 2058 funem,

439 2083 736 2134 Avulsamque
763 2082 879 2134 rapit
897 2081 1098 2122 revoluta
1120 2092 1200 2134 per
1216 2092 1394 2133 aequora
1410 2091 1583 2123 navem.

438 2152 571 2192 Illum
592 2153 735 2192 autem
757 2154 911 2191 AEneas
927 2150 1150 2192 absentem
1170 2150 1214 2190 ln
1234 2150 1382 2204 praelia
1398 2149 1554 2202 poscit;

441 2220 581 2262 Obvia
598 2221 737 2262 multa
754 2220 902 2260 virum
922 2220 1115 2262 demittit
1134 2231 1319 2273 corpora
1336 2220 1482 2261 morti.

440 2292 551 2331 Tum
572 2290 677 2332 levis
692 2288 805 2337 haud
822 2290 937 2330 ultra
957 2290 1144 2332 latebras
1159 2292 1247 2341 jam
1269 2289 1427 2342 quaerit
1440 2289 1609 2342 imag-03

441 2359 524 2401 Sed
541 2360 725 2403 sublime
740 2361 892 2402 volans
908 2355 1014 2413 nubi
1032 2372 1077 2403 se
1096 2359 1336 2402 immiscuit
1352 2361 1479 2408 atram

443 2430 587 2480 Quum
606 2433 799 2481 Turnum
818 2429 962 2472 medio
981 2429 1150 2472 interea
1167 2429 1249 2473 lert
1268 2440 1442 2484 aequore
1462 2428 1608 2472 turbo,
1664 2431 1667 2432 ’
