1917 2942
816 340 1228 407 AENEIDOS

708 529 929 579 LIBER
988 529 1350 581 DECIMUS.

368 692 1675 748 Q&Qgffiffifflssffissffiffiffifflffissffiffissssffissstssss

368 869 533 912 Jupiter,
550 870 731 907 advocato
749 871 911 906 deorum
931 872 1097 908 concilio
1112 900 1120 914 ,
1150 874 1290 908 frustra
1310 875 1468 909 conatus
1484 876 1677 910 Junonem

413 937 457 962 ac
473 931 658 965 Venerem
675 931 717 965 in
739 931 985 967 concordiam
1005 932 1206 974 adducere,
1220 933 1266 967 de
1284 936 1536 976 'trojanorum
1557 935 1680 968 Rutu-

413 990 617 1033 lorumque
634 991 749 1025 rebus
767 991 872 1026 inter
886 1000 924 1027 se
941 991 1170 1028 dissidentes
1185 1020 1194 1035 ‚
1214 993 1446 1037 pronunciat
1462 1002 1502 1029 se
1519 996 1680 1028 neutra—

420 1057 512 1083 rum
542 1051 712 1093 partium
732 1052 831 1092 rore,
858 1052 924 1087 sed
946 1052 1049 1088 Fotis
1075 1053 1207 1088 omnia
1228 1052 1525 1096 permissurum.
1547 1054 1677 1088 Rutuli

413 1109 461 1143 ad
479 1109 795 1153 oppugnandam,
809 1111 965 1154 Trojani
981 1110 1027 1146 ad
1046 1111 1329 1150 defendendam
1348 1113 1486 1148 urbem
1501 1112 1679 1148 redeunt.

413 1172 548 1205 AEneas
566 1170 648 1205 dies
666 1171 814 1215 aliquot
841 1172 882 1206 in
903 1172 1056 1207 Etruria
1082 1175 1344 1208 commoratus
1361 1200 1369 1214 ,
1402 1171 1572 1209 collectis
1590 1172 1681 1208 inde

411 1229 580 1271 auxiliis,
597 1230 643 1265 ad
658 1239 744 1265 suos
760 1230 875 1271 redit,
893 1231 1057 1275 triginta
1072 1233 1234 1267 navium
1256 1233 1375 1268 classe
1390 1235 1680 1277 auctus.Nyn1-

412 1290 521 1332 phas,
543 1298 562 1324 e
581 1291 661 1325 suis
689 1290 854 1324 navibus
872 1299 959 1325 eam
991 1291 1032 1325 in
1061 1291 1233 1334 speciem
1251 1294 1365 1334 paulo
1383 1295 1471 1327 ante
1488 1294 1681 1328 transfor-

414 1352 551 1391 mutas,
581 1349 623 1384 in
655 1350 799 1386 itinere
819 1350 952 1385 obvias
973 1351 1100 1386 habet.
1133 1352 1187 1386 Ab
1203 1351 1253 1387 iis
1271 1351 1316 1388 de
1333 1361 1492 1388 suorum
1511 1353 1684 1397 periculo

413 1409 557 1444 certior
573 1410 708 1450 factm,
742 1411 813 1444 sub
844 1410 1016 1453 primam
1037 1412 1161 1445 lucem
1182 1411 1225 1445 in
1243 1412 1489 1456 conspectum
1507 1412 1678 1448 hostium

413 1472 629 1513 provectus,
662 1472 876 1506 exercitum
907 1471 950 1505 in
971 1471 1045 1506 litu
1074 1473 1240 1514 exponit.
1276 1475 1493 1508 occurrunt
1522 1473 1680 1507 Rutuli:

413 1530 696 1575 commissoque
715 1531 823 1575 gravi
845 1532 1075 1573 certamine,
1111 1533 1228 1569 Pallas
1249 1540 1268 1565 a
1299 1535 1427 1567 Turno
1456 1531 1648 1569 occiditur
1668 1542 1676 1563 :

411 1594 519 1634 cujus
550 1600 687 1628 necem
719 1601 839 1635 quum
861 1592 1114 1628 ulcisceretur
1130 1596 1263 1627 AEneas
1285 1601 1428 1638 magna
1449 1597 1602 1641 strage,
1643 1597 1682 1628 et

413 1652 596 1687 Ascanius
613 1651 816 1696 eruptione
833 1653 945 1694 facta,
968 1652 1096 1697 copias
1126 1662 1213 1688 suas
1231 1652 1402 1697 paternis
1418 1653 1653 1696 adjunxisset
1670 1681 1678 1696 ,

413 1714 515 1746 Juno
548 1714 723 1746 Turnum
752 1711 935 1755 praesenti
961 1712 1136 1755 periculo
1166 1711 1307 1756 eripit,
1340 1711 1486 1754 objecta
1507 1711 1568 1747 illi
1585 1713 1678 1747 falsa

412 1774 539 1806 AEneae
553 1771 757 1816 imagine:
779 1779 895 1815 quam
912 1771 1006 1806 dum
1027 1771 1244 1816 fugientem
1263 1772 1310 1807 ad
1329 1780 1448 1815 usque
1463 1780 1604 1807 navem
1619 1772 1683 1807 in-

412 1831 607 1874 sequitur,
641 1830 871 1866 retinaculis
899 1839 920 1865 a
954 1834 1106 1866 Junono
1138 1831 1264 1875 ruptis
1281 1858 1290 1873 ,
1321 1831 1369 1867 ad
1400 1831 1513 1867 litora
1547 1832 1680 1868 Ardeae

411 1893 589 1935 proxima
619 1892 657 1927 vi
689 1892 929 1936 tempestatis
950 1892 1166 1936 abripitur3
1202 1891 1411 1928 Mezentius
1444 1901 1585 1937 pugnte
1612 1902 1682 1938 pro

410 1957 540 1988 Turno
557 1952 785 1995 succedens,
817 1954 855 1988 et
872 1953 974 1988 filius
992 1951 1173 1988 Mezentii
1194 1954 1348 1993 Lausus,
1370 1952 1419 1987 ab
1438 1956 1552 1989 AEnea
1572 1953 1678 1990 occi-

411 2013 569 2048 duntur.

368 2168 587 2210 Panditur
602 2167 773 2210 interea
793 2168 951 2210 domus
973 2168 1294 2222 omnipotentis
1311 2168 1506 2223 Olympi,

361 2237 706 2291 conciliumque
727 2242 855 2280 vocat
873 2238 1025 2280 divum
1046 2241 1171 2292 pater
1190 2240 1320 2291 atque
1346 2236 1579 2279 hominum
1600 2250 1676 2280 rex

365 2306 590 2349 Sideream
605 2306 653 2347 in
668 2306 817 2350 sedem
834 2325 843 2357 ;
869 2309 1007 2350 terras
1024 2306 1142 2349 unde
1161 2305 1326 2348 arduus
1348 2315 1516 2352 omnes,

366 2380 606 2430 Castraque
620 2376 920 2420 Dardanidum
932 2375 1163 2430 adspectat
1174 2376 1452 2429 populosque
1463 2375 1658 2417 Latinos.

368 2446 616 2488 Considunt
637 2446 761 2489 tectis
780 2446 1083 2501 bipatentibus
1098 2461 1107 2492 ;
1130 2446 1287 2499 incipit
1304 2445 1421 2500 ipse:
