1917 2942
386 346 463 387 546
914 347 1098 386 :ENEID
1108 348 1173 386 OS
1625 347 1700 384 ΗΜ

390 437 506 484 Ergo
527 431 672 472 omnis
690 430 814 473 furiis
832 432 1023 473 surrexit
1040 432 1214 473 Etruria
1229 432 1357 482 justis
1373 448 1383 478 ς

388 503 554 553 Regem
570 500 626 541 ad
642 500 906 553 supplicium
925 501 1132 554 praesenti
1152 504 1289 543 Marte
1306 501 1559 552 reposcunt.

390 573 468 612 His
488 581 568 622 ego
591 574 655 616 te.
673 574 829 621 AEnea,
849 570 1080 612 ductorem
1097 570 1292 612 millibus
1313 569 1491 612 addam.

391 643 505 682 Toto
524 651 716 692 namque
736 638 933 683 fremunt
953 638 1187 681 condensae
1202 640 1334 681 litore
1349 649 1520 694 puppes
1536 669 1545 685 ,

391 710 616 762 Signaque
633 708 747 750 ferre
757 709 942 760 j11>bent3
961 710 1123 751 retinet
1137 709 1364 762 longaevus
1381 708 1602 761 haruspex

391 782 497 820 Fata
516 789 707 826 canens:
739 794 755 815 (ι
775 783 810 819 0
830 779 1027 820 Maeoniae
1049 778 1220 819 delecta
1234 780 1462 830 juventus,

391 847 496 889 Flos
515 850 716 890 veterum
737 849 965 899 virtusque
986 846 1129 889 virum
1146 878 1156 895 ‚
1180 859 1288 900 quos
1302 849 1445 899 J'ustus
1464 846 1510 887 in
1533 845 1705 888 hostem

391 922 496 961 Fert
512 918 657 967 dolor,
675 920 720 960 et
735 919 893 960 merita
915 916 1123 959 adcendit
1142 918 1378 960 Mezentius
1394 918 1459 958 ira
1475 933 1486 965 ;

390 987 509 1029 Nulli
526 986 588 1029 fas
602 988 713 1028 Italo
732 988 900 1028 tantam
917 986 1184 1038 subjungere
1202 990 1403 1039 gentem3

397 1061 612 1098 Externos
632 1060 784 1108 optate
805 1055 955 1097 duces.
975 1059 1088 1095 Tum
1109 1058 1291 1097 Etrusca
1306 1054 1473 1098 resedit

393 1129 489 1167 Hoc
510 1125 624 1166 acies
641 1135 820 1178 eampo,
842 1125 1022 1165 monitis
1038 1124 1244 1166 exterrita
1261 1123 1431 1164 (liviim.
1450 1134 1452 1138 ⁴

396 1199 492 1250 lpse
512 1197 713 1236 oratores
734 1193 788 1235 ad
806 1205 877 1236 me
896 1195 1109 1247 regnique
1128 1205 1342 1236 coronam

395 1270 507 1307 Cum
531 1268 706 1319 seeptro
726 1265 869 1313 misit,
889 1264 1159 1317 mandatque
1179 1265 1370 1317 insignia
1390 1263 1583 1312 Tarclio;

394 1336 638 1379 Succedam
658 1335 810 1377 castris
824 1366 834 1385 ,
850 1333 1172 1387 Tyrrhenaque
1178 1345 1319 1386 regna
1337 1345 1575 1387 capessam.

397 1406 483 1449 Sed
501 1406 608 1446 mihi
629 1406 756 1447 tarda
769 1405 867 1459 gelu
887 1404 1114 1457 saeclisque
1129 1403 1259 1446 effeta
1278 1406 1484 1445 senectus

399 1475 574 1517 lnvidet
589 1474 828 1527 imperium
842 1504 851 1521 ,
871 1484 1069 1525 seraeque
1091 1472 1146 1513 ad
1168 1472 1299 1514 fortia
1314 1473 1448 1514 vires.

397 1546 561 1586 Natum
583 1544 859 1590 exhortarer,
876 1543 922 1584 ni
945 1543 1106 1583 mixtus
1122 1545 1262 1584 matre
1282 1541 1450 1583 Sabella

401 1615 516 1656 Hinc
534 1615 706 1667 partem
721 1613 871 1666 patriae
889 1611 1100 1653 traheret.
1118 1615 1207 1663 Tu,
1223 1614 1350 1664 cujus
1367 1614 1412 1655 et
1430 1611 1555 1654 annis

400 1687 454 1724 Et
472 1682 625 1736 generi
641 1681 723 1724 [ata
742 1682 979 1734 indulgent
993 1712 1003 1728 ‚
1024 1692 1153 1734 quem
1173 1682 1360 1724 numina
1376 1686 1592 1736 poscunt,

399 1753 638 1806 Ingredere
656 1783 668 1801 ,
684 1763 710 1794 ο
726 1751 944 1795 Teucrum
962 1754 1093 1805 atque
1110 1752 1269 1805 Italum
1288 1751 1522 1805 fortissime
1537 1752 1712 1795 ductor.

402 1828 532 1866 Hunc
553 1823 632 1864 tibi
652 1824 867 1877 praeterea
883 1854 892 1869 ‚
909 1833 1007 1876 spes
1027 1824 1071 1863 et
1089 1821 1247 1863 solatia
1262 1821 1431 1872 nostri,

402 1895 602 1936 Pallanta
619 1893 857 1946 adjimgam
876 1909 885 1931 :
903 1892 981 1934 sub
1000 1894 1040 1933 te
1064 1891 1251 1933 tolerare
1267 1891 1476 1943 magistro

402 1964 603 2005 Militiam
623 1965 668 2003 et
687 1973 820 2013 grave
835 1962 985 2004 Martis
1000 1973 1134 2015 opus,
1154 1966 1226 2002 tua
1242 1970 1424 2003 cernere
1444 1959 1556 2002 facta

401 2033 665 2081 Adsuescat,
686 2032 837 2086 primis
856 2034 900 2075 et
921 2034 961 2074 te
978 2031 1165 2072 miretur
1182 2031 1235 2073 ab
1256 2030 1397 2072 annis.

401 2101 595 2144 Arcadas
609 2102 714 2143 huie
731 2101 898 2154 equites
914 2101 981 2142 bis
999 2102 1202 2146 centum,
1222 2100 1386 2142 robora
1402 2099 1531 2154 pubis

403 2175 533 2215 Lecta
547 2202 559 2223 ‚
580 2171 718 2217 dab0;
740 2171 1013 2224 totidemque
1028 2181 1109 2211 suo
1130 2169 1207 2211 tibi
1223 2170 1407 2212 nomine
1422 2170 1576 2212 Pallas.
1596 2185 1613 2207 ι,

453 2244 529 2284 Vix
549 2254 596 2284 ea
619 2241 733 2284 satus
753 2245 868 2290 erat3
888 2241 1107 2295 defixique
1126 2251 1203 2283 ora
1225 2240 1432 2283 tenebant

405 2316 563 2354 AEneas
581 2310 869 2354 Anchisiades
888 2314 933 2353 et.
951 2309 1064 2351 fidus
1080 2310 1292 2358 Achates,

404 2384 626 2436 Multaque
645 2381 758 2424 dura
774 2393 854 2426 suo
877 2382 988 2424 tristi
1006 2393 1108 2423 cuin
1129 2380 1263 2423 eorde
1284 2380 1497 2435 putabant
1518 2395 1529 2425 2

399 2455 446 2495 Ni
469 2454 646 2506 signum
665 2452 777 2495 coelo
794 2451 1008 2505 Cytherea
1030 2449 1221 2494 dedisset
1239 2453 1410 2506 aperto.
