1917 2942
242 331 313 370 787
756 329 918 368 LlssEn
949 329 1019 368 lx.
1465 320 1537 367 581

294 414 466 456 Talibus
487 413 667 457 adcensi
690 412 936 461 firmantur,
958 417 1000 455 et
1019 413 1190 465 agmine
1211 412 1348 454 denso

244 485 514 527 consistunt.
529 488 700 525 Turnus
716 484 925 537 paulatim
942 483 1151 525 excedere
1167 493 1330 535 pugna,

244 559 295 596 Et
312 553 495 595 fluvium
512 557 676 607 petere,
699 564 750 595 ac
769 556 938 608 partem
955 563 1049 605 quae
1067 553 1259 604 cingitur
1278 554 1411 593 amni.

245 625 398 667 Acrius
410 624 498 666 hoc
518 624 672 666 Teucri
696 624 890 665 clamore
908 622 1164 664 incumbere
1180 633 1356 674 magno,

245 699 297 735 Et
313 695 558 747 glomerare
576 705 756 734 manum
772 710 782 732 ·.
803 703 883 735 ceu
903 703 1068 734 saevum
1086 692 1215 733 turba
1236 692 1410 735 leonem

245 768 387 815 Quum
406 763 503 806 telis
523 764 685 817 premit
704 762 910 811 infensis3
934 765 977 803 at
995 763 1171 804 territus
1189 761 1278 809 ille,

245 838 395 887 Asper,
415 834 570 877 acerba
592 835 732 877 tuens.
756 839 871 876 retro
886 832 1022 880 redit3
1045 834 1088 872 et
1104 843 1246 885 neque
1269 836 1387 883 terga

244 908 308 945 ira
326 906 430 946 dare
447 908 523 946 aut
537 905 676 945 virtus
695 903 877 956 patitur.
898 913 979 943 nec
998 900 1184 943 tendere
1203 905 1371 949 contra,

245 974 319 1015 llle
340 974 518 1027 quidem
534 973 618 1015 hoc
639 973 834 1025 cupiens,
857 972 971 1024 potis
992 974 1055 1012 est
1073 982 1148 1023 per
1166 970 1246 1013 tela
1268 971 1490 1024 virosque.

247 1044 373 1083 Haud
394 1040 522 1084 aliter
536 1045 656 1082 retro
674 1040 833 1081 dubius
857 1038 1035 1091 vestigia
1049 1043 1220 1079 Tui-nus

247 1114 548 1165 improperata
561 1112 709 1155 refert,
733 1112 777 1151 et
796 1120 919 1150 mens
940 1110 1150 1150 exaestuat
1172 1110 1254 1149 ira.

249 1180 365 1232 Quin
383 1182 515 1222 etiam
535 1181 706 1222 histum
722 1179 890 1222 medios
906 1179 1126 1220 invaserat
1137 1178 1307 1227 hostem

248 1251 318 1291 Bis
339 1249 519 1293 confusa
535 1250 635 1303 fuga
656 1261 735 1304 per
755 1261 904 1291 muros
923 1251 1098 1302 agmina
1118 1251 1266 1291 vertit.

248 1321 330 1364 Sed
349 1333 505 1363 manus
526 1332 549 1362 e
568 1322 720 1363 castris
741 1331 928 1375 propere
950 1321 1042 1362 coit
1064 1321 1208 1363 omnis
1225 1321 1274 1362 in
1292 1332 1447 1363 unum.

251 1395 336 1435 Nec
355 1396 511 1434 contra
525 1392 640 1433 vires
659 1391 792 1433 audet
811 1392 1017 1432 Saturnia
1038 1395 1156 1432 Auno

250 1459 479 1508 Sufficere3
501 1461 665 1501 aeriam
680 1460 792 1502 66616
809 1469 912 1500 nam
928 1462 953 1499 J
959 1473 982 1501 u
989 1460 1133 1513 ppiter
1153 1458 1259 1500 Irim

254 1531 448 1577 Demisit,
471 1541 695 1583 germanae
714 1529 833 1572 haud
853 1529 1004 1571 mollia
1021 1531 1139 1579 jussa
1157 1529 1387 1576 serentem.

253 1600 302 1639 Ni
317 1603 487 1642 Turnus
501 1599 629 1642 cedat
647 1604 918 1642 Teucrorum
939 1598 1156 1641 moenibus
1175 1600 1287 1642 altis.

252 1670 366 1720 Ergo
381 1679 465 1711 nec
484 1670 625 1722 clipeo
640 1669 816 1719 juvenis
837 1668 1067 1711 subsistere
1088 1673 1272 1714 tantum.

252 1738 287 1776 N
293 1747 342 1780 ec
361 1737 513 1779 dextra
529 1739 670 1780 valet:
693 1739 865 1791 injectis
881 1739 943 1781 sie
961 1738 1154 1792 undique
1173 1739 1267 1781 telis

252 1809 480 1852 Obruitur.
501 1811 668 1864 Strepit
682 1810 863 1852 adsiduo
879 1820 984 1852 cava
1000 1813 1202 1864 tempora
1218 1810 1384 1853 circum

252 1879 431 1920 'tinnitu
446 1879 585 1932 galea,
605 1882 650 1920 et
664 1879 773 1921 saxis
797 1879 935 1924 solida
953 1890 1041 1920 zera
1061 1879 1287 1928 fatiscunt3

255 1948 554 2001 Discussasque
568 1947 685 1999 jubae
698 1949 832 2000 capiti
846 1964 856 1996 3
878 1958 961 1990 nec
979 1946 1142 1990 suflicit
1157 1947 1291 1989 umbo

252 2017 439 2066 lctibus;
461 2017 736 2068 ingeminant
750 2018 882 2060 hastis
900 2025 940 2059 et
960 2018 1093 2059 Troe's
1111 2022 1154 2059 et
1169 2018 1262 2071 ipse

256 2087 511 2129 Fulmineus
529 2090 796 2130 Mnestheus.
811 2090 923 2129 Tum
946 2090 1040 2129 toto
1059 2097 1245 2140 corpore
1265 2085 1402 2128 sudor

257 2157 470 2209 Liquitur‚
492 2159 537 2198 et
550 2158 723 2210 piceum
744 2158 846 2207 (nec
867 2158 1083 2208 respirare
1098 2158 1313 2210 potestas)

258 2228 441 2268 Flumen
458 2226 569 2280 agiu
593 2226 724 2269 fessos
743 2227 885 2280 quatit
906 2239 1007 2269 acer
1028 2228 1245 2269 anhelitus
1261 2230 1400 2269 artus.

257 2298 366 2336 Tum
389 2295 569 2338 demum
585 2308 779 2351 praeceps
795 2298 906 2338 saltu
919 2309 1012 2340 sese
1028 2297 1235 2338 omnibus
1256 2297 1390 2339 armis

258 2369 304 2406 ln
325 2364 507 2408 fluvium
524 2365 662 2409 dedit.
684 2367 760 2410 llle
778 2378 858 2409 suo
873 2378 974 2409 cum
997 2367 1171 2419 gurgite
1195 2363 1310 2408 flavo

262 2434 730 2489 Adcepitvenientem,
753 2447 802 2479 ac
823 2436 1031 2479 mollibus
1051 2435 1207 2478 extulit
1222 2434 1352 2478 undis
1365 2451 1378 2482 ς,
1442 2470 1444 2472 .

241 2508 314 2564 „Et
333 2505 485 2547 laetum
504 2506 632 2548 sociis
654 2503 801 2550 abluta
820 2507 939 2550 caede
960 2505 1142 2550 remisit.
