1917 2942
385 330 462 368 slas
911 334 1166 374 AENEIDOS
1611 341 1686 380 554

441 418 573 459 Fama
592 419 712 460 volat
729 429 912 472 parvam
930 419 1077 462 subito
1097 421 1271 475 vulgata
1292 433 1370 477 per
1390 424 1570 473 urbem,

382 487 526 537 Ocyus
544 487 608 530 ire
625 489 796 542 equites
815 489 1029 541 Tyrrheni
1049 490 1103 532 ad
1124 491 1278 534 limina
1294 495 1426 545 regis.

386 557 493 596 Vota
515 560 638 600 metu
660 557 887 613 duplicant
907 562 1071 603 matres
1086 594 1097 612 ,
1117 563 1384 617 propiusque
1401 564 1571 618 periclo
1634 616 1637 618 ¹

380 628 422 665 1t
443 627 594 675 timor,
611 631 656 670 et
671 631 811 681 major
827 631 1075 681 Martisjam
1091 631 1274 686 adparet
1291 634 1451 685 imago.
1613 620 1634 634 ’-

382 698 495 736 'l'um
517 700 641 748 pater
658 697 889 741 Evandrus
909 732 916 746 ‚
940 699 1137 742 dextram
1155 702 1409 755 complexus
1429 702 1572 745 euntis
1586 733 1596 749 .

385 767 532 807 Haeret
548 795 557 811 ,
582 767 849 820 inexpletum
867 768 1135 821 lacrymans,
1153 781 1203 813 ac
1225 771 1327 812 talia
1345 771 1485 813 fatur:

439 848 454 870 a
472 836 508 874 O
525 833 632 875 mihi
649 836 896 889 praeteritos
911 837 1074 880 referat
1090 840 1125 881 si
1143 842 1168 879 J
1174 840 1348 892 uppiter
1363 851 1501 882 annos
1519 841 1528 880 Ξ

385 904 533 952 Qualis
553 916 697 953 eram,
720 918 858 960 quum
876 907 1060 961 primam
1082 908 1221 949 aciem
1241 911 1463 952 Praeneste
1481 911 1562 952 sub
1583 909 1676 963 ipsa

384 973 551 1020 stravi.
573 980 887 1030 scutorumque
908 976 1085 1020 incendi
1108 978 1248 1020 viclor
1269 990 1476 1027 acervos;

386 1044 440 1082 Et
457 1054 604 1096 regem
625 1043 707 1088 hac
726 1049 765 1086 H
771 1047 928 1088 eriium
948 1047 1101 1090 dextra
1117 1050 1197 1089 sub
1211 1052 1391 1091 Tartara
1409 1048 1528 1097 misi;

386 1115 590 1156 Nascenti
610 1117 680 1157 cui
704 1118 791 1159 tres
808 1117 976 1158 animas
989 1117 1175 1160 Feronia
1192 1121 1334 1160 mater

387 1183 695 1229 (Horrendum
710 1184 850 1236 dictu)
870 1185 1076 1233 dederat,
1099 1190 1223 1229 terna
1240 1198 1360 1230 arma
1373 1188 1593 1230 movenda
1608 1204 1619 1236 ς

385 1254 469 1293 Ter
488 1252 578 1294 leto
595 1253 857 1296 sternendus
875 1258 969 1297 erat
987 1270 996 1292 ι
1022 1256 1091 1297 cui
1115 1258 1219 1298 tunc
1241 1259 1388 1298 tamen
1406 1267 1558 1299 omnes

386 1321 581 1364 Abstulit
598 1322 692 1365 haec
708 1324 874 1366 animas
894 1325 1049 1367 dextra
1067 1356 1074 1369 .
1096 1329 1139 1367 et
1165 1326 1348 1368 totidem
1365 1327 1482 1370 exuit
1500 1328 1651 1370 armis.

386 1392 489 1432 Non
507 1402 589 1444 ego
607 1403 726 1434 nunc
745 1391 864 1436 dulci
883 1395 1081 1447 amplexu
1103 1393 1334 1437 divellerer
1350 1407 1530 1448 usquam
1544 1428 1554 1444 ,

386 1463 515 1508 Nate.
538 1465 639 1510 tuo;
659 1473 801 1515 neque
822 1464 1031 1505 finitimus
1050 1465 1292 1507 Mezentius
1311 1464 1451 1509 hostis
1467 1497 1479 1513 ,

388 1532 502 1574 Huic
517 1532 647 1586 capiti
667 1534 902 1581 insultans,
923 1535 991 1575 tot
1006 1533 1122 1575 ferro
1142 1546 1256 1576 saeva
1274 1534 1464 1579 dedisset

387 1607 581 1654 Funera,
601 1606 688 1645 tam
707 1605 857 1646 multis
877 1603 1103 1645 viduasset
1119 1603 1289 1646 civibus
1307 1606 1479 1648 urbem.

386 1676 444 1715 At
464 1686 568 1726 vos,
585 1685 612 1716 o
631 1675 776 1728 superi
797 1706 807 1722 ,
825 1677 870 1717 et
882 1674 1034 1716 divum
1056 1677 1099 1716 tu
1120 1675 1308 1716 maxime
1327 1678 1477 1719 rector

385 1747 605 1800 .luppiter‚
625 1746 827 1793 Arcadii,
849 1756 1001 1798 quaeso
1015 1776 1024 1792 ,
1045 1746 1316 1788 miserescite
1334 1747 1453 1800 regis
1471 1779 1480 1796 ,

384 1816 441 1856 Et
457 1815 617 1868 patrias
639 1815 785 1857 audite
808 1826 985 1869 preces:
1003 1818 1029 1856 S
1060 1815 1245 1856 numina
1265 1818 1411 1858 vestra

384 1888 656 1927 incolumem
675 1885 873 1926 Pallanta
896 1884 1002 1926 mihi
1021 1916 1030 1932 ‚
1049 1883 1081 1926 si
1100 1884 1186 1926 iata
1202 1889 1452 1935 reservant,

383 1955 424 1995 Si
442 1955 615 1995 visurus
634 1964 736 1996 eum
753 1954 855 1996 vivo
873 1984 882 2001 ,
900 1954 945 1997 et
961 1957 1179 1996 venturus
1198 1954 1245 1995 in
1266 1965 1406 1996 unum
1424 1970 1434 1994 ι

383 2024 534 2066 Vitam·
546 2035 648 2074 oro;
665 2025 808 2079 patiar
828 2026 1030 2078 quemvis
1048 2024 1208 2066 durare
1228 2024 1442 2067 laborem.

382 2097 455 2137 Sin
478 2095 666 2148 aliquem
687 2093 917 2135 infandum
938 2105 1109 2142 casum,
1130 2096 1352 2143 Fortuna,
1371 2095 1572 2144 minari53

385 2167 533 2210 Nunc,
555 2176 581 2205 o
601 2175 722 2206 nunc
741 2164 871 2206 liceat
889 2162 1115 2206 crudelem
1134 2162 1400 2217 abrumpere
1417 2164 1553 2206 vitam
1571 2197 1579 2211 .

385 2239 498 2276 Dum
518 2245 633 2276 curae
654 2235 868 2287 ambiguae
884 2264 894 2281 ‚
918 2233 1022 2275 dum
1042 2245 1140 2288 spes
1155 2233 1323 2276 incerta
1340 2232 1475 2276 futuri
1495 2267 1504 2282 ‚

381 2308 495 2347 Dum
513 2310 559 2347 te
573 2336 583 2356 ‚
601 2316 701 2347 care
719 2315 841 2358 puer,
860 2314 958 2346 mea
977 2314 1076 2347 sera
1090 2306 1134 2346 et
1151 2304 1244 2346 sola
1261 2304 1489 2357 voluptas,

380 2376 620 2428 complexu
641 2379 793 2422 tene03
812 2375 992 2429 gravior
1011 2386 1068 2417 ne
1087 2375 1268 2417 nuntius
1287 2385 1414 2418 aures

384 2448 613 2491 x'ulncret!
643 2462 658 2485 n
684 2449 789 2489 Haec
803 2446 981 2501 genitor
999 2445 1194 2499 digressu
1217 2444 1331 2488 dicta
1349 2457 1555 2499 supremo
