1917 2942
238 339 285 377 66
756 337 919 376 LIBER
949 337 1001 375 X.
1460 339 1537 377 383

240 423 355 463 Bella
370 424 517 475 sequi,
539 426 615 464 aut
631 422 806 465 hostem
827 422 922 476 regi
941 434 986 465 se
999 423 1174 466 inferre
1191 423 1344 465 Latino
1362 425 1380 463 Ρ

238 493 401 534 Italiam
419 490 519 534 fatis
533 493 661 547 petiit
683 493 933 535 auctoribus
951 510 961 542 ;
983 496 1075 535 esto
1094 509 1103 533 ε

240 561 487 604 cassandrae
500 563 711 615 impulsus
727 561 866 604 furiis.
883 565 996 603 Num
1014 563 1213 616 linquere
1228 567 1368 605 castra

243 634 275 672 H
282 633 410 673 ortati
429 643 601 678 sumus,
624 634 699 674 aut
717 632 854 673 vitam
874 634 1150 675 committere
1167 634 1343 675 ventis?

241 703 353 741 Num
370 713 510 755 puero
530 712 747 743 summam
763 701 887 748 belli,
910 713 1019 742 num
1037 701 1218 745 credere
1238 704 1419 744 muros?

240 770 563 822 Tyrrhenamve
581 769 714 812 fidem
733 774 807 813 aut
824 773 973 823 gentes
991 773 1154 823 agitare
1170 772 1349 823 quietas
1362 774 1383 813 Ξ·

239 844 339 891 Quis
354 841 460 883 deus
479 843 526 883 in
544 840 764 889 fraudem,
785 852 881 895 quae
904 841 1012 883 dura
1032 842 1231 895 potentia
1250 843 1389 884 nostri

241 911 366 962 Egit?
385 909 455 951 ubi
472 909 544 951 hic
560 913 584 951 J
591 922 679 952 uno
699 941 709 959 ,
736 910 977 953 demissave
995 911 1185 953 nubibus
1200 911 1313 954 Iris?

240 981 474 1033 Indignum
491 983 556 1023 est
573 1013 581 1028 ‚
600 982 733 1023 Italos
749 985 780 1021 T
787 983 849 1033 roj
857 991 925 1022 am
942 981 1216 1024 circumdare
1231 980 1418 1024 flammis

241 1053 519 1095 Nascentem.
540 1054 583 1092 et
597 1052 740 1103 patria
755 1054 955 1092 Turnum
976 1052 1213 1093 consistere
1229 1054 1347 1093 terra
1364 1085 1372 1098 .

242 1120 318 1160 Cui
335 1119 566 1161 Pilumnus
585 1131 692 1161 avus
711 1151 721 1170 ,
746 1121 816 1162 cui
833 1120 935 1161 diva
951 1121 1117 1161 Venilia
1137 1124 1303 1163 mater:

241 1187 347 1237 Quid
366 1188 458 1229 face
478 1191 690 1240 Trojanos
704 1191 800 1230 atra
811 1190 901 1230 vim
925 1188 1039 1231 ferre
1060 1190 1252 1232 Latinis?

245 1263 356 1297 Arva
370 1257 511 1298 aliena
520 1259 628 1310 Jugo
647 1269 849 1311 premere
867 1290 876 1306 ,
894 1260 1023 1311 atque
1043 1262 1242 1302 avertere
1255 1259 1427 1315 praedas
1443 1261 1461 1300 ἱ)

243 1325 355 1374 Quid
369 1337 546 1369 soceros
570 1328 711 1379 legere
724 1359 734 1373 ,
755 1330 799 1369 et
818 1329 995 1379 gremiis
1011 1329 1228 1371 abducere
1247 1332 1426 1384 pactas?

245 1397 399 1438 Pacem
419 1408 547 1439 orare
567 1409 724 1446 manu,
745 1398 971 1452 praefigere
994 1399 1213 1453 puppibus
1236 1401 1388 1442 arma?

243 1468 301 1506 Tu
319 1468 443 1521 potes
459 1471 623 1509 AEnean
638 1467 841 1510 manibus
859 1468 1107 1512 subducere
1125 1469 1330 1515 Graium.

245 1537 415 1589 Proque
435 1535 531 1579 viro
550 1538 756 1580 nebulam
775 1570 783 1585 ,
805 1541 850 1581 et
863 1542 1016 1581 ventos
1035 1539 1274 1582 obtendere
1289 1541 1464 1589 inanes:

243 1608 292 1646 Et
307 1609 431 1660 potes
447 1608 492 1649 in
513 1608 696 1651 totidem
711 1609 891 1651 classem
910 1614 1172 1652 convertere
1188 1611 1411 1664 Nymphas
1428 1628 1437 1652 ε

244 1678 325 1717 Nos
342 1677 511 1730 aliquid
531 1677 718 1719 Rutulos
738 1682 892 1719 contra
906 1679 1068 1729 J'uvisse
1089 1678 1330 1721 nefandum
1345 1683 1439 1723 est?

246 1748 394 1787 AEneas
411 1747 588 1799 ignarus
609 1748 732 1789 abest
754 1763 763 1785 ε
786 1748 965 1799 ignarus
988 1751 1031 1790 et
1050 1748 1177 1790 absit.

246 1817 317 1856 Est
337 1816 510 1869 Paphos
525 1848 534 1863 ‚
559 1817 832 1871 Idaliumque
850 1817 925 1859 tibi
943 1848 952 1863 ,
977 1821 1081 1859 sunt
1097 1818 1184 1859 alta
1202 1819 1392 1870 Cythera
1413 1835 1422 1859 :

244 1884 357 1933 Quid
376 1885 602 1937 gravidam
618 1885 743 1928 bellis
762 1886 915 1928 urbem
934 1889 977 1928 et
995 1886 1130 1929 corda
1149 1898 1302 1939 aspera
1321 1891 1494 1932 tentas?

246 1956 385 1995 Nosne
401 1954 481 1996 tibi
503 1953 634 1996 fluxas
651 1955 854 2007 Phrygiae
870 1966 940 1997 res
955 1959 1128 1998 vertere
1158 1955 1298 1998 fundo

246 2027 465 2065 conamur
477 2025 496 2064 ἱ)
510 2035 590 2065 nos
608 2025 627 2065 .⁹
647 2035 703 2065 an
716 2025 898 2065 miseros
917 2025 992 2078 qui
1010 2028 1143 2066 Troas
1160 2025 1339 2068 Achivis

247 2092 445 2144 objecit?
465 2096 569 2143 Quae
589 2105 718 2135 causa
737 2092 752 2133 s
754 2095 818 2134 uit
833 2105 1100 2146 consurgere
1120 2096 1167 2135 in
1179 2106 1302 2138 arma

247 2165 552 2217 Europamque
573 2164 804 2216 Asiamque
823 2194 831 2210 ‚
855 2166 900 2204 et
917 2163 1082 2207 foedera
1101 2164 1275 2209 solvere
1296 2166 1413 2209 furto
1426 2169 1445 2207 ,⁹

251 2233 315 2272 Me
335 2231 469 2281 duce,
489 2232 733 2273 Dardanius
754 2235 957 2286 Spartam
975 2235 1241 2288 expugnavit
1257 2236 1458 2280 adulter?

248 2302 336 2341 Aut
351 2311 433 2352 ego
453 2302 537 2344 tela
556 2299 657 2342 dedi
676 2331 685 2346 .
706 2299 849 2343 fovive
868 2302 1076 2356 cupidine
1091 2303 1201 2345 bella
1214 2305 1233 2344 ἱ)

251 2371 356 2409 Tum
378 2369 526 2412 decuit
545 2369 752 2411 metuisse
772 2371 856 2411 tuis
875 2386 884 2410 ε
904 2382 1022 2414 nunc
1039 2383 1134 2415 sera
1153 2373 1343 2425 querelis

256 2438 515 2490 llaudjustis
537 2440 753 2491 adsurgis,
780 2442 824 2482 et
844 2439 1288 2494 irritajurgiajactas.
1311 2459 1327 2480 ι
