1917 2942
233 322 281 362 67
741 322 905 360 LlBER
934 324 1006 361 IX.
1457 325 1531 363 357

236 411 329 458 Qua
343 410 484 451 tentet
499 409 670 451 ratione
687 409 830 450 aditus
848 442 856 457 ,
878 413 920 450 et
936 420 1033 462 quae
1048 408 1119 450 via
1133 409 1301 451 clausos

234 477 434 520 Excutiat
452 481 640 520 Teucros
659 478 771 519 vallo
784 508 794 525 ‚
814 480 945 530 atque
962 475 1165 520 effundat
1179 478 1226 518 in
1245 488 1412 531 aequor.

236 550 444 595 Classem,
462 560 561 602 qnae
576 549 702 591 lateri
717 554 962 591 castrorum
979 548 1188 600 adjuncta
1201 548 1366 591 latebat
1379 579 1391 600 ‚

237 619 479 671 Aggeribus
499 621 681 673 saeptam
697 619 866 661 circum
886 622 928 660 et
945 615 1193 660 fluvialibus
1206 617 1336 660 undis
1349 649 1360 664 .

236 689 406 730 Invadit
419 706 429 737 ;
448 688 678 742 sociosque
696 688 902 731 incendia
916 691 1061 743 poscit
1077 692 1259 732 ovantes
1272 704 1284 737 ;

240 759 380 811 Atque
396 770 577 800 manum
590 760 701 813 pinu
720 757 925 812 flagranti
944 757 1140 801 fervidus
1155 758 1328 813 implet.

238 832 343 869 Tum
360 839 466 871 vero
485 828 746 870 incumbunt
763 841 773 865 ι
790 831 917 881 urget
932 829 1167 879 praesentia
1179 829 1313 870 Turni
1326 844 1337 877 ;

241 899 383 950 Atque
406 899 550 940 omnis
574 897 739 940 facibus
753 900 890 951 pubes
910 897 1162 950 adcingitur
1181 898 1299 940 atris.

242 967 473 1020 Diripuere
492 965 613 1010 focos
634 984 643 1008 :
665 970 839 1021 piceum
856 965 941 1009 fert
956 965 1124 1008 fumida
1140 967 1294 1009 lumen

240 1035 390 1083 Taeda,
412 1039 456 1079 et
470 1038 752 1079 commixtam
771 1036 991 1078 Vulcanus
1011 1035 1066 1078 ad
1082 1040 1197 1078 astra
1215 1035 1419 1090 favillam..

290 1108 395 1157 Quis
410 1106 516 1150 deus
529 1137 539 1155 ,
566 1119 592 1150 o
608 1112 759 1152 Musae.
781 1109 873 1148 tam
886 1118 1000 1149 saeva
1018 1107 1225 1149 incendia
1245 1108 1425 1149 Teucris

243 1178 448 1220 Avertit?
466 1179 612 1219 tantos
637 1177 802 1219 ratibus
822 1176 919 1230 quis
940 1176 1111 1230 depulit
1127 1176 1280 1228 ignes?

242 1246 408 1289 Dicite:
427 1247 572 1301 prisca
590 1247 696 1290 fides
713 1245 830 1289 facto
847 1282 854 1294 .
873 1246 949 1288 sed
976 1246 1086 1288 fama
1107 1246 1333 1298 perennis.

292 1321 507 1371 Tempore
522 1330 610 1372 quo
622 1320 813 1373 primum
834 1316 1026 1369 Phrygia
1044 1315 1261 1358 formabat
1274 1316 1320 1357 in
1335 1315 1412 1358 Ida

245 1390 400 1430 AEneas
414 1389 620 1435 classem,
640 1392 683 1430 et
707 1387 844 1441 pelagi
863 1390 1016 1440 petere
1036 1386 1122 1428 alta
1140 1386 1346 1437 parabat,

244 1461 341 1511 Ipsa
358 1459 489 1501 deum
505 1458 646 1502 fertur
667 1458 856 1511 genitrix
874 1455 1166 1510 Berecynthia
1184 1468 1396 1509 magnum

246 1529 430 1570 Vocibus
448 1526 515 1570 his
530 1526 674 1570 adfata
688 1530 714 1567 J
719 1539 874 1570 ovem:
899 1541 916 1564 α
936 1530 1000 1568 Da
1013 1556 1024 1573 ‚
1045 1528 1170 1573 nate,
1190 1528 1387 1579 petenti.

246 1597 374 1648 Quod
393 1601 470 1640 tua
488 1608 584 1639 cara
600 1607 757 1651 parens
774 1596 940 1638 domito
960 1598 1001 1638 te
1024 1596 1165 1649 poscit
1184 1597 1389 1650 Olympo.

246 1671 381 1712 Pinea
398 1670 503 1712 silva
518 1669 624 1709 mihi
636 1698 647 1715 ‚
664 1667 831 1711 multos
850 1666 1008 1709 dilecta
1024 1677 1104 1718 per
1122 1676 1285 1716 annm,

248 1742 388 1781 Lucus
405 1740 452 1780 in
469 1748 568 1781 arce
584 1738 664 1780 i'uit
681 1749 853 1779 summa
869 1768 877 1782 ,
895 1747 983 1790 quo
999 1746 1123 1777 sacra
1142 1733 1363 1783 ferebant,

251 1810 451 1863 Nigranti
471 1811 597 1863 picea
616 1809 896 1862 trabibusque
912 1806 1126 1849 obscurus
1142 1806 1311 1849 acernis
1327 1818 1338 1843 t

250 1882 335 1921 Has
353 1890 435 1932 ego
452 1878 674 1920 Dardanio
691 1877 871 1929 juveni,
887 1888 1023 1930 quum
1045 1875 1191 1918 classis
1207 1876 1379 1929 egeret,

252 1953 368 1991 Laeta
387 1949 486 1992 dedi
505 1965 515 1989 ι
534 1959 657 1991 nunc
676 1948 908 1990 sollicitam
927 1947 1062 1988 timor
1080 1947 1232 1988 anxius
1250 1947 1393 1998 urget.

247 2020 372 2061 Solve
387 2021 552 2066 metus,
573 2019 704 2071 atque
718 2015 804 2058 hoc
823 2017 1027 2069 precibus
1043 2015 1135 2058 sine
1153 2027 1278 2069 posse
1298 2018 1552 2070 parentem„

250 2091 310 2129 Ne
332 2098 461 2129 cursu
478 2089 688 2140 quassatae
706 2086 819 2131 ullo,
842 2095 930 2126 neu
947 2082 1126 2126 turbine
1145 2084 1269 2153 genti

250 2158 493 2199 Vineantur
511 2172 520 2196 :
539 2155 677 2210 prosit
699 2155 860 2197 nostris
878 2156 923 2196 in
943 2154 1169 2196 montibus
1188 2157 1322 2196 ortas.
1342 2170 1359 2192 n

300 2227 430 2269 Filius
442 2226 544 2268 hnic
559 2229 713 2268 contra
729 2254 739 2272 ‚
759 2227 939 2278 torquet
960 2224 1033 2278 qui
1053 2223 1194 2266 sidera
1210 2223 1364 2265 mundi
1387 2240 1397 2265 ε

254 2313 270 2334 α
295 2299 330 2337 O
352 2296 561 2350 genitrix,
581 2307 669 2350 quo
689 2293 774 2337 fata
791 2296 957 2337 vocas?
984 2297 1059 2336 aut
1076 2294 1181 2348 quid
1202 2296 1313 2350 petis
1333 2295 1423 2337 istis
1433 2296 1458 2337 ἱ)

253 2367 485 2410 Mortaline
505 2377 636 2409 manu
662 2363 786 2408 iactas
813 2364 1061 2407 immortale
1081 2365 1244 2408 carinas

255 2439 332 2478 Fas
350 2436 572 2480 habeant?
589 2439 822 2489 certusque
844 2436 1012 2479 incerta
1034 2434 1228 2489 pericula
1245 2434 1404 2478 lustret
