1917 2942
210 269 287 308 2565
747 269 912 309 LIBER
941 272 975 309 1.

209 354 282 396 Sol
304 354 381 396 tibi
400 355 523 407 signa
542 354 679 397 dabit.
702 356 852 398 Solem
871 356 969 410 quis
983 356 1132 399 dicere
1153 355 1308 399 salsum

213 422 417 467 Audeat?
432 424 505 465 ille
521 424 653 466 etiam
669 435 808 467 caecos
824 426 985 468 instare
1001 426 1214 468 tumultus

213 498 336 547 Saepe
352 495 527 544 monet,
552 492 839 548 fraudemque
854 497 899 537 et
915 498 1069 550 operta
1089 498 1337 538 tumescere
1351 496 1480 538 bella.

212 563 289 605 Ille
306 563 438 604 etiam
456 563 667 606 exstincto
686 565 915 605 miseratus
937 568 1103 606 Caesare
1121 567 1331 613 Romam,

213 633 367 680 Quum.
380 637 512 685 caput
527 632 713 674 obscura
731 631 920 673 nitidum
938 631 1159 685 ferrugine
1177 634 1284 673 texit
1298 665 1307 678 .

216 701 442 756 Impiaque
461 704 672 744 aeternam
688 703 933 744 timuerunt
949 703 1097 744 secula
1112 705 1309 745 noctem.

216 774 432 827 Tempore
442 784 707 826 quamquam
716 772 791 814 illo
803 772 928 814 wius
938 782 1127 826 quoque,
1140 772 1184 814 et
1193 783 1369 826 aequora
1383 775 1525 827 ponti,

216 841 493 894 Obsceuique
511 852 643 884 canes
655 872 666 893 ,
687 842 1041 896 importunaeque
1058 841 1261 883 volucres

216 911 349 963 Signa
368 910 546 953 dabant.
567 911 747 962 Quoties
766 909 1011 963 Cyclopum
1030 908 1245 953 effervere
1265 910 1312 951 in
1332 922 1460 965 agros

217 979 414 1023 Vidimus
430 980 672 1024 undantem
687 981 826 1035 ruptis
847 980 1094 1023 fornacibus
1108 981 1282 1023 AEtnam
1300 1012 1312 1029 ,

219 1051 604 1103 Flammarumque
623 1050 777 1103 globos
796 1048 1116 1102 liquefactaque
1134 1050 1311 1092 volvere
1328 1055 1452 1094 saxa!

224 1122 460 1162 Armorum
477 1121 672 1162 sonitum
691 1121 782 1161 toto
811 1119 1046 1161 Germania
1061 1118 1173 1160 coelo

224 1187 400 1238 Audiit3
422 1189 607 1230 insolitis
622 1191 900 1231 tremuerunt
916 1187 1105 1230 motibus
1122 1188 1268 1242 Alpes.

224 1262 315 1301 Vox
331 1270 508 1313 quoque
525 1269 604 1313 per
625 1259 747 1300 lucos
767 1257 902 1311 vulgo
923 1255 1124 1299 exaudita
1144 1257 1321 1300 silentes

225 1332 386 1382 Ingens
404 1344 413 1376 ;
434 1331 478 1370 et
495 1327 726 1370 simulacra
746 1325 889 1368 modis
907 1325 1116 1375 pallentia
1135 1326 1257 1367 miris

224 1401 325 1440 Visa
339 1399 418 1441 sub
436 1398 668 1440 obscurum
689 1398 830 1439 noctis
848 1413 858 1445 ;
881 1395 1160 1449 pecudesque
1177 1395 1350 1444 locum,

226 1468 486 1511 Infandum!
508 1470 669 1511 sistunt
687 1478 838 1510 amnes
857 1499 866 1515 ,
889 1471 1106 1520 terraeque
1124 1464 1376 1515 dehiscunt;

226 1542 283 1581 Et
302 1542 508 1580 moestum
523 1539 771 1590 illacrymat
788 1537 959 1590 templis
974 1535 1096 1582 ebur,
1118 1545 1291 1588 aeraque
1310 1538 1483 1580 sudant.

230 1611 403 1652 Proluit
422 1611 576 1651 insano
602 1610 897 1660 contorquens
915 1606 1079 1648 vertice
1095 1604 1224 1647 silvas

232 1682 491 1724 Fluviorum
509 1690 585 1721 rex
611 1678 829 1720 Eridanus
848 1708 856 1724 ‚
879 1686 1147 1728 camposque
1169 1685 1245 1727 per
1264 1686 1417 1719 omnes

233 1755 344 1794 Cum
361 1750 540 1793 stabulis
560 1751 757 1790 armenta
774 1746 890 1787 tulit.
912 1747 1003 1785 Nec
1023 1744 1220 1796 tempore
1241 1743 1397 1785 eodem

234 1820 447 1864 Tristibus
467 1822 541 1861 aut
560 1819 667 1861 extis
688 1817 805 1858 fibrae
824 1815 1037 1868 adparere
1056 1812 1249 1853 minaces
1265 1842 1276 1860 ‚

237 1894 328 1933 Aut
342 1890 483 1946 puteis
499 1899 678 1931 manare
697 1896 829 1929 cruor
850 1883 1056 1929 cessavit.
1079 1882 1125 1923 et
1145 1880 1241 1922 altae

239 1965 323 2004 Per
339 1962 517 2003 noctem
532 1968 740 2001 resonare
755 1987 765 2007 ,
785 1955 899 2009 lupis
922 1951 1195 1994 ululantibus
1209 1979 1220 2001 ,
1242 1949 1392 1992 urbes.

240 2034 275 2072 N
282 2042 341 2073 on
356 2031 461 2072 alias
478 2028 590 2071 coelo
606 2025 864 2071 ceciderunt
882 2023 1010 2076 plura
1024 2031 1183 2063 sereno

240 2102 457 2154 Fulgura3
481 2111 562 2142 nec
583 2099 668 2140 diri
686 2097 821 2138 totiesv
839 2105 987 2136 arsere
1008 2093 1207 2135 cometae.

240 2175 357 2224 Ergo
374 2171 490 2212 inter
508 2179 599 2210 sese
623 2166 798 2218 paribus
822 2172 1091 2207 concurrere
1114 2160 1210 2202 telis

245 2245 460 2284 Romanas
480 2240 595 2281 acies
615 2238 776 2277 iterum
796 2233 946 2277 videre
965 2230 1184 2284 Philippi:

245 2315 336 2355 Nec
358 2309 440 2352 suit
458 2308 691 2361 indignum
707 2305 899 2357 superis,
924 2302 989 2343 bis
1004 2300 1218 2354 sanguine
1236 2301 1388 2341 nostro

244 2382 488 2425 Emathiam
506 2415 513 2429 ,
534 2383 574 2421 et
596 2378 706 2419 latos
728 2374 866 2417 Hiemi
893 2373 1177 2427 pinguescere
1194 2381 1388 2425 campos.

1356 2460 1380 2497 6

1472 275 1487 310 -v

1495 275 1521 312 (Α
