<?xml version="1.0" encoding="UTF-8"?>
<!DOCTYPE html PUBLIC "-//W3C//DTD XHTML 1.0 Transitional//EN"
    "http://www.w3.org/TR/xhtml1/DTD/xhtml1-transitional.dtd">
<html xmlns="http://www.w3.org/1999/xhtml" xml:lang="en" lang="en">
 <head>
  <title>
</title>
<meta http-equiv="Content-Type" content="text/html;charset=utf-8" />
  <meta name='ocr-system' content='tesseract 3.04.00' />
  <meta name='ocr-capabilities' content='ocr_page ocr_carea ocr_par ocr_line ocrx_word'/>
</head>
<body>
  <div class='ocr_page' id='page_1' title='image "./publiivirgiliim01unkngoog/publiivirgiliim01unkngoog_0281.png"; bbox 0 0 1917 2942; ppageno 0'>
   <div class='ocr_carea' id='block_1_1' title="bbox 1432 341 1508 380">
    <p class='ocr_par' dir='ltr' id='par_1_1' title="bbox 1432 341 1508 380">
     <span class='ocr_line' id='line_1_1' title="bbox 1432 341 1454 379; textangle 90"><span class='ocrx_word' id='word_1_1' title='bbox 1432 341 1454 379; x_wconf 60' lang='lat'><strong>80</strong></span> 
     </span>
     <span class='ocr_line' id='line_1_2' title="bbox 1460 343 1482 379; textangle 90"><span class='ocrx_word' id='word_1_2' title='bbox 1460 343 1482 379; x_wconf 47' lang='lat'><strong>*1</strong></span> 
     </span>
     <span class='ocr_line' id='line_1_3' title="bbox 1487 345 1508 380; textangle 90"><span class='ocrx_word' id='word_1_3' title='bbox 1487 345 1508 380; x_wconf 56' lang='lat' dir='ltr'><strong>xi</strong></span> 
     </span>
    </p>
   </div>
   <div class='ocr_carea' id='block_1_2' title="bbox 210 340 1000 383">
    <p class='ocr_par' dir='ltr' id='par_1_2' title="bbox 210 340 1000 383">
     <span class='ocr_line' id='line_1_4' title="bbox 210 340 1000 383; baseline 0 -4"><span class='ocrx_word' id='word_1_4' title='bbox 210 342 283 383; x_wconf 69' lang='lat'><strong>⁴92</strong></span> <span class='ocrx_word' id='word_1_5' title='bbox 736 342 900 381; x_wconf 79' lang='lat' dir='ltr'><strong>LlBER</strong></span> <span class='ocrx_word' id='word_1_6' title='bbox 930 340 1000 380; x_wconf 75' lang='lat' dir='ltr'><strong>VI.</strong></span> 
     </span>
    </p>
   </div>
   <div class='ocr_carea' id='block_1_3' title="bbox 186 425 1441 2499">
    <p class='ocr_par' dir='ltr' id='par_1_3' title="bbox 202 425 1274 550">
     <span class='ocr_line' id='line_1_5' title="bbox 202 425 1209 469; baseline 0.001 -2"><span class='ocrx_word' id='word_1_7' title='bbox 202 431 255 467; x_wconf 83' lang='lat' dir='ltr'><strong>Et</strong></span> <span class='ocrx_word' id='word_1_8' title='bbox 274 426 404 469; x_wconf 87' lang='lat' dir='ltr'><strong>viridi</strong></span> <span class='ocrx_word' id='word_1_9' title='bbox 421 425 573 469; x_wconf 82' lang='lat' dir='ltr'><strong>sedere</strong></span> <span class='ocrx_word' id='word_1_10' title='bbox 593 427 704 469; x_wconf 89' lang='lat' dir='ltr'><strong>solo.</strong></span> <span class='ocrx_word' id='word_1_11' title='bbox 723 430 833 468; x_wconf 90' lang='lat' dir='ltr'><strong>Tum</strong></span> <span class='ocrx_word' id='word_1_12' title='bbox 851 426 1065 467; x_wconf 82' lang='lat' dir='ltr'><strong>maximus</strong></span> <span class='ocrx_word' id='word_1_13' title='bbox 1079 426 1209 468; x_wconf 81' lang='lat' dir='ltr'><strong>beros</strong></span> 
     </span>
     <span class='ocr_line' id='line_1_6' title="bbox 203 496 1274 550; baseline -0.002 -12"><span class='ocrx_word' id='word_1_14' title='bbox 203 500 419 539; x_wconf 87' lang='lat' dir='ltr'><strong>Maternas</strong></span> <span class='ocrx_word' id='word_1_15' title='bbox 441 496 667 549; x_wconf 78' lang='lat' dir='ltr'>adgnoscit</span> <span class='ocrx_word' id='word_1_16' title='bbox 681 509 796 541; x_wconf 83' lang='lat' dir='ltr'><strong>aves,</strong></span> <span class='ocrx_word' id='word_1_17' title='bbox 814 497 1025 548; x_wconf 66' lang='lat' dir='ltr'><strong>laetusque</strong></span> <span class='ocrx_word' id='word_1_18' title='bbox 1042 500 1246 550; x_wconf 79' lang='lat' dir='ltr'>precatur</span> <span class='ocrx_word' id='word_1_19' title='bbox 1264 512 1274 536; x_wconf 72' lang='grc' dir='ltr'>ι</span> 
     </span>
    </p>

    <p class='ocr_par' dir='ltr' id='par_1_4' title="bbox 196 567 1441 969">
     <span class='ocr_line' id='line_1_7' title="bbox 205 567 1441 621; baseline 0 -11"><span class='ocrx_word' id='word_1_20' title='bbox 205 583 221 603; x_wconf 75' lang='grc' dir='ltr'>α</span> <span class='ocrx_word' id='word_1_21' title='bbox 240 572 341 610; x_wconf 87' lang='lat' dir='ltr'><strong>Este</strong></span> <span class='ocrx_word' id='word_1_22' title='bbox 360 567 509 615; x_wconf 86' lang='lat' dir='ltr'><strong>duces,</strong></span> <span class='ocrx_word' id='word_1_23' title='bbox 530 580 571 615; x_wconf 91' lang='lat' dir='ltr'><strong>o,</strong></span> <span class='ocrx_word' id='word_1_24' title='bbox 597 568 632 610; x_wconf 91' lang='lat' dir='ltr'><strong>si</strong></span> <span class='ocrx_word' id='word_1_25' title='bbox 653 579 738 621; x_wconf 80' lang='lat' dir='ltr'><strong>qua</strong></span> <span class='ocrx_word' id='word_1_26' title='bbox 751 568 822 609; x_wconf 81' lang='lat' dir='ltr'><strong>via</strong></span> <span class='ocrx_word' id='word_1_27' title='bbox 836 569 915 612; x_wconf 86' lang='lat' dir='ltr'><strong>est,</strong></span> <span class='ocrx_word' id='word_1_28' title='bbox 934 579 1199 620; x_wconf 77' lang='lat' dir='ltr'><strong>cursumque</strong></span> <span class='ocrx_word' id='word_1_29' title='bbox 1213 579 1294 620; x_wconf 79' lang='lat' dir='ltr'><strong>per</strong></span> <span class='ocrx_word' id='word_1_30' title='bbox 1315 579 1441 610; x_wconf 84' lang='lat' dir='ltr'><strong>auras</strong></span> 
     </span>
     <span class='ocr_line' id='line_1_8' title="bbox 201 635 1243 690; baseline 0.001 -14"><span class='ocrx_word' id='word_1_31' title='bbox 201 637 382 689; x_wconf 82' lang='lat' dir='ltr'><strong>Dirigite</strong></span> <span class='ocrx_word' id='word_1_32' title='bbox 399 638 445 677; x_wconf 91' lang='lat' dir='ltr'><strong>in</strong></span> <span class='ocrx_word' id='word_1_33' title='bbox 462 638 596 684; x_wconf 74' lang='lat' dir='ltr'><strong>lucos.</strong></span> <span class='ocrx_word' id='word_1_34' title='bbox 615 637 689 678; x_wconf 85' lang='lat' dir='ltr'><strong>ubi</strong></span> <span class='ocrx_word' id='word_1_35' title='bbox 709 638 922 690; x_wconf 77' lang='lat' dir='ltr'><strong>pinguem</strong></span> <span class='ocrx_word' id='word_1_36' title='bbox 941 635 1062 677; x_wconf 84' lang='lat' dir='ltr'><strong>dives</strong></span> <span class='ocrx_word' id='word_1_37' title='bbox 1088 639 1243 689; x_wconf 86' lang='lat' dir='ltr'><strong>opacat</strong></span> 
     </span>
     <span class='ocr_line' id='line_1_9' title="bbox 199 702 1379 758; baseline 0.001 -13"><span class='ocrx_word' id='word_1_38' title='bbox 199 709 358 748; x_wconf 80' lang='lat' dir='ltr'><strong>Ramus</strong></span> <span class='ocrx_word' id='word_1_39' title='bbox 376 705 575 747; x_wconf 84' lang='lat' dir='ltr'><strong>humum.</strong></span> <span class='ocrx_word' id='word_1_40' title='bbox 599 710 765 758; x_wconf 84' lang='lat' dir='ltr'><strong>Tuque,</strong></span> <span class='ocrx_word' id='word_1_41' title='bbox 785 717 826 756; x_wconf 79' lang='lat' dir='ltr'><strong>o,</strong></span> <span class='ocrx_word' id='word_1_42' title='bbox 847 705 989 747; x_wconf 83' lang='lat' dir='ltr'><strong>dubiis</strong></span> <span class='ocrx_word' id='word_1_43' title='bbox 1007 717 1062 747; x_wconf 88' lang='lat' dir='ltr'><strong>ne</strong></span> <span class='ocrx_word' id='word_1_44' title='bbox 1081 702 1218 747; x_wconf 88' lang='lat' dir='ltr'><strong>defice</strong></span> <span class='ocrx_word' id='word_1_45' title='bbox 1235 706 1379 752; x_wconf 87' lang='lat' dir='ltr'><strong>rebus.</strong></span> 
     </span>
     <span class='ocr_line' id='line_1_10' title="bbox 199 774 1229 829; baseline -0.001 -14"><span class='ocrx_word' id='word_1_46' title='bbox 199 778 304 818; x_wconf 88' lang='lat' dir='ltr'><strong>Diva</strong></span> <span class='ocrx_word' id='word_1_47' title='bbox 323 779 507 829; x_wconf 80' lang='lat' dir='ltr'><strong>parens!</strong></span> <span class='ocrx_word' id='word_1_48' title='bbox 529 792 544 814; x_wconf 72' lang='grc' dir='ltr'><strong>ι)</strong></span> <span class='ocrx_word' id='word_1_49' title='bbox 567 776 636 819; x_wconf 85' lang='lat' dir='ltr'><strong>Sic</strong></span> <span class='ocrx_word' id='word_1_50' title='bbox 656 774 827 822; x_wconf 76' lang='lat' dir='ltr'><strong>effatus,</strong></span> <span class='ocrx_word' id='word_1_51' title='bbox 851 776 1030 826; x_wconf 75' lang='lat' dir='ltr'><strong>vestigia</strong></span> <span class='ocrx_word' id='word_1_52' title='bbox 1048 775 1229 827; x_wconf 81' lang='lat' dir='ltr'><strong>pressit3</strong></span> 
     </span>
     <span class='ocr_line' id='line_1_11' title="bbox 196 844 1412 898; baseline 0.001 -13"><span class='ocrx_word' id='word_1_53' title='bbox 196 847 446 887; x_wconf 80' lang='lat' dir='ltr'><strong>Observans</strong></span> <span class='ocrx_word' id='word_1_54' title='bbox 464 857 561 898; x_wconf 68' lang='lat' dir='ltr'><strong>quae</strong></span> <span class='ocrx_word' id='word_1_55' title='bbox 581 846 706 897; x_wconf 81' lang='lat' dir='ltr'><strong>signa</strong></span> <span class='ocrx_word' id='word_1_56' title='bbox 724 844 883 890; x_wconf 75' lang='lat' dir='ltr'><strong>ferant.</strong></span> <span class='ocrx_word' id='word_1_57' title='bbox 905 856 991 897; x_wconf 88' lang='lat' dir='ltr'><strong>quo</strong></span> <span class='ocrx_word' id='word_1_58' title='bbox 1011 844 1190 886; x_wconf 80' lang='lat' dir='ltr'><strong>tendere</strong></span> <span class='ocrx_word' id='word_1_59' title='bbox 1207 847 1412 897; x_wconf 82' lang='lat' dir='ltr'><strong>pergant.</strong></span> 
     </span>
     <span class='ocr_line' id='line_1_12' title="bbox 197 914 1145 969; baseline -0.002 -14"><span class='ocrx_word' id='word_1_60' title='bbox 197 917 430 957; x_wconf 78' lang='lat' dir='ltr'><strong>Pascentes</strong></span> <span class='ocrx_word' id='word_1_61' title='bbox 449 915 533 956; x_wconf 84' lang='lat' dir='ltr'><strong>illae</strong></span> <span class='ocrx_word' id='word_1_62' title='bbox 555 918 726 956; x_wconf 86' lang='lat' dir='ltr'><strong>tantum</strong></span> <span class='ocrx_word' id='word_1_63' title='bbox 744 914 924 969; x_wconf 81' lang='lat' dir='ltr'><strong>prodire</strong></span> <span class='ocrx_word' id='word_1_64' title='bbox 938 914 1145 960; x_wconf 83' lang='lat' dir='ltr'><strong>volando,</strong></span> 
     </span>
    </p>

    <p class='ocr_par' dir='ltr' id='par_1_5' title="bbox 193 985 1344 1383">
     <span class='ocr_line' id='line_1_13' title="bbox 196 985 1344 1038; baseline -0.003 -12"><span class='ocrx_word' id='word_1_65' title='bbox 196 987 419 1035; x_wconf 88' lang='lat' dir='ltr'><strong>Quantum</strong></span> <span class='ocrx_word' id='word_1_66' title='bbox 436 985 529 1026; x_wconf 85' lang='lat' dir='ltr'><strong>acie</strong></span> <span class='ocrx_word' id='word_1_67' title='bbox 548 986 726 1038; x_wconf 82' lang='lat' dir='ltr'><strong>possent</strong></span> <span class='ocrx_word' id='word_1_68' title='bbox 748 986 861 1026; x_wconf 88' lang='lat' dir='ltr'><strong>oculi</strong></span> <span class='ocrx_word' id='word_1_69' title='bbox 877 994 1051 1027; x_wconf 82' lang='lat' dir='ltr'><strong>servare</strong></span> <span class='ocrx_word' id='word_1_70' title='bbox 1069 986 1344 1035; x_wconf 80' lang='lat' dir='ltr'><strong>sequentum.</strong></span> 
     </span>
     <span class='ocr_line' id='line_1_14' title="bbox 195 1052 1331 1105; baseline -0.001 -11"><span class='ocrx_word' id='word_1_71' title='bbox 195 1054 319 1100; x_wconf 80' lang='lat' dir='ltr'><strong>inde,</strong></span> <span class='ocrx_word' id='word_1_72' title='bbox 335 1054 411 1096; x_wconf 86' lang='lat' dir='ltr'><strong>ubi</strong></span> <span class='ocrx_word' id='word_1_73' title='bbox 427 1065 591 1097; x_wconf 79' lang='lat' dir='ltr'><strong>venere</strong></span> <span class='ocrx_word' id='word_1_74' title='bbox 605 1053 659 1095; x_wconf 87' lang='lat' dir='ltr'><strong>ad</strong></span> <span class='ocrx_word' id='word_1_75' title='bbox 677 1052 821 1096; x_wconf 79' lang='lat' dir='ltr'><strong>fauces</strong></span> <span class='ocrx_word' id='word_1_76' title='bbox 836 1054 1131 1105; x_wconf 77' lang='lat' dir='ltr'><strong>graveolentis</strong></span> <span class='ocrx_word' id='word_1_77' title='bbox 1153 1053 1331 1099; x_wconf 78' lang='lat' dir='ltr'><strong>Averni,</strong></span> 
     </span>
     <span class='ocr_line' id='line_1_15' title="bbox 195 1122 1342 1176; baseline 0 -13"><span class='ocrx_word' id='word_1_78' title='bbox 195 1123 373 1166; x_wconf 88' lang='lat' dir='ltr'><strong>Tollunt</strong></span> <span class='ocrx_word' id='word_1_79' title='bbox 390 1134 436 1165; x_wconf 88' lang='lat' dir='ltr'><strong>se</strong></span> <span class='ocrx_word' id='word_1_80' title='bbox 458 1123 622 1165; x_wconf 83' lang='lat' dir='ltr'><strong>celeres</strong></span> <span class='ocrx_word' id='word_1_81' title='bbox 640 1139 649 1169; x_wconf 89' lang='lat'>;</span> <span class='ocrx_word' id='word_1_82' title='bbox 669 1122 977 1175; x_wconf 78' lang='lat' dir='ltr'><strong>liquidumque</strong></span> <span class='ocrx_word' id='word_1_83' title='bbox 997 1133 1076 1175; x_wconf 86' lang='lat' dir='ltr'><strong>per</strong></span> <span class='ocrx_word' id='word_1_84' title='bbox 1091 1122 1191 1163; x_wconf 73' lang='lat' dir='ltr'><strong>aera</strong></span> <span class='ocrx_word' id='word_1_85' title='bbox 1210 1122 1342 1176; x_wconf 77' lang='lat' dir='ltr'><strong>lapsae</strong></span> 
     </span>
     <span class='ocr_line' id='line_1_16' title="bbox 194 1190 1260 1247; baseline -0.004 -12"><span class='ocrx_word' id='word_1_86' title='bbox 194 1193 375 1237; x_wconf 84' lang='lat' dir='ltr'><strong>Sedibus</strong></span> <span class='ocrx_word' id='word_1_87' title='bbox 390 1192 548 1247; x_wconf 82' lang='lat' dir='ltr'><strong>optatis</strong></span> <span class='ocrx_word' id='word_1_88' title='bbox 563 1190 746 1245; x_wconf 59' lang='lat' dir='ltr'><strong>gemina}</strong></span> <span class='ocrx_word' id='word_1_89' title='bbox 764 1204 897 1244; x_wconf 85' lang='lat' dir='ltr'><strong>super</strong></span> <span class='ocrx_word' id='word_1_90' title='bbox 912 1192 1066 1234; x_wconf 87' lang='lat' dir='ltr'><strong>arbore</strong></span> <span class='ocrx_word' id='word_1_91' title='bbox 1085 1192 1235 1233; x_wconf 86' lang='lat' dir='ltr'><strong>sidunt</strong></span> <span class='ocrx_word' id='word_1_92' title='bbox 1251 1222 1260 1236; x_wconf 92' lang='lat'>‚</span> 
     </span>
     <span class='ocr_line' id='line_1_17' title="bbox 194 1260 1253 1317; baseline -0.006 -10"><span class='ocrx_word' id='word_1_93' title='bbox 194 1266 392 1306; x_wconf 77' lang='lat' dir='ltr'><strong>Discolor</strong></span> <span class='ocrx_word' id='word_1_94' title='bbox 409 1263 527 1305; x_wconf 88' lang='lat' dir='ltr'><strong>unde</strong></span> <span class='ocrx_word' id='word_1_95' title='bbox 547 1263 642 1304; x_wconf 87' lang='lat' dir='ltr'><strong>auri</strong></span> <span class='ocrx_word' id='word_1_96' title='bbox 662 1274 741 1317; x_wconf 84' lang='lat' dir='ltr'><strong>per</strong></span> <span class='ocrx_word' id='word_1_97' title='bbox 763 1273 906 1304; x_wconf 86' lang='lat' dir='ltr'><strong>ramos</strong></span> <span class='ocrx_word' id='word_1_98' title='bbox 927 1274 1034 1304; x_wconf 87' lang='lat' dir='ltr'><strong>aura</strong></span> <span class='ocrx_word' id='word_1_99' title='bbox 1054 1260 1224 1304; x_wconf 83' lang='lat' dir='ltr'><strong>refulsit</strong></span> <span class='ocrx_word' id='word_1_100' title='bbox 1244 1273 1253 1296; x_wconf 74' lang='grc' dir='ltr'><em>τ</em></span> 
     </span>
     <span class='ocr_line' id='line_1_18' title="bbox 193 1329 1173 1383; baseline -0.005 -8"><span class='ocrx_word' id='word_1_101' title='bbox 193 1334 328 1383; x_wconf 78' lang='lat' dir='ltr'><strong>Quale</strong></span> <span class='ocrx_word' id='word_1_102' title='bbox 347 1333 455 1375; x_wconf 87' lang='lat' dir='ltr'><strong>solet</strong></span> <span class='ocrx_word' id='word_1_103' title='bbox 473 1333 590 1373; x_wconf 86' lang='lat' dir='ltr'><strong>silvis</strong></span> <span class='ocrx_word' id='word_1_104' title='bbox 609 1332 798 1373; x_wconf 86' lang='lat' dir='ltr'><strong>brumali</strong></span> <span class='ocrx_word' id='word_1_105' title='bbox 818 1329 980 1383; x_wconf 73' lang='lat' dir='ltr'><strong>frigore</strong></span> <span class='ocrx_word' id='word_1_106' title='bbox 1002 1331 1173 1371; x_wconf 84' lang='lat' dir='ltr'><strong>viscum</strong></span> 
     </span>
    </p>

    <p class='ocr_par' dir='ltr' id='par_1_6' title="bbox 191 1398 1378 1513">
     <span class='ocr_line' id='line_1_19' title="bbox 192 1398 1378 1453; baseline -0.002 -11"><span class='ocrx_word' id='word_1_107' title='bbox 192 1403 370 1445; x_wconf 81' lang='lat' dir='ltr'><strong>Fronde</strong></span> <span class='ocrx_word' id='word_1_108' title='bbox 382 1403 526 1444; x_wconf 83' lang='lat' dir='ltr'><strong>virere</strong></span> <span class='ocrx_word' id='word_1_109' title='bbox 544 1411 673 1447; x_wconf 86' lang='lat' dir='ltr'><strong>nova,</strong></span> <span class='ocrx_word' id='word_1_110' title='bbox 693 1399 813 1453; x_wconf 86' lang='lat' dir='ltr'><strong>quod</strong></span> <span class='ocrx_word' id='word_1_111' title='bbox 827 1410 919 1441; x_wconf 86' lang='lat' dir='ltr'><strong>non</strong></span> <span class='ocrx_word' id='word_1_112' title='bbox 932 1411 1009 1440; x_wconf 85' lang='lat' dir='ltr'><strong>sua</strong></span> <span class='ocrx_word' id='word_1_113' title='bbox 1029 1399 1216 1441; x_wconf 85' lang='lat' dir='ltr'><strong>seminat</strong></span> <span class='ocrx_word' id='word_1_114' title='bbox 1235 1398 1378 1445; x_wconf 86' lang='lat' dir='ltr'><strong>arbos,</strong></span> 
     </span>
     <span class='ocr_line' id='line_1_20' title="bbox 191 1468 1223 1513; baseline -0.001 -3"><span class='ocrx_word' id='word_1_115' title='bbox 191 1473 244 1513; x_wconf 88' lang='lat' dir='ltr'><strong>Et</strong></span> <span class='ocrx_word' id='word_1_116' title='bbox 261 1481 417 1512; x_wconf 89' lang='lat' dir='ltr'><strong>croceo</strong></span> <span class='ocrx_word' id='word_1_117' title='bbox 439 1469 524 1513; x_wconf 83' lang='lat' dir='ltr'><strong>fetu</strong></span> <span class='ocrx_word' id='word_1_118' title='bbox 543 1471 701 1512; x_wconf 82' lang='lat' dir='ltr'><strong>teretes</strong></span> <span class='ocrx_word' id='word_1_119' title='bbox 718 1468 993 1511; x_wconf 84' lang='lat' dir='ltr'><strong>circumdare</strong></span> <span class='ocrx_word' id='word_1_120' title='bbox 1013 1471 1191 1510; x_wconf 86' lang='lat' dir='ltr'><strong>truncos</strong></span> <span class='ocrx_word' id='word_1_121' title='bbox 1213 1480 1223 1508; x_wconf 82' lang='grc'><strong>.·</strong></span> 
     </span>
    </p>

    <p class='ocr_par' dir='ltr' id='par_1_7' title="bbox 191 1536 1134 1592">
     <span class='ocr_line' id='line_1_21' title="bbox 191 1536 1134 1592; baseline 0 -14"><span class='ocrx_word' id='word_1_122' title='bbox 191 1540 302 1581; x_wconf 86' lang='lat' dir='ltr'><strong>Talis</strong></span> <span class='ocrx_word' id='word_1_123' title='bbox 322 1542 416 1581; x_wconf 85' lang='lat' dir='ltr'><strong>erat</strong></span> <span class='ocrx_word' id='word_1_124' title='bbox 435 1538 598 1592; x_wconf 86' lang='lat' dir='ltr'><strong>species</strong></span> <span class='ocrx_word' id='word_1_125' title='bbox 618 1538 713 1579; x_wconf 86' lang='lat' dir='ltr'><strong>auri</strong></span> <span class='ocrx_word' id='word_1_126' title='bbox 732 1536 977 1579; x_wconf 74' lang='lat' dir='ltr'><strong>frondentis</strong></span> <span class='ocrx_word' id='word_1_127' title='bbox 996 1548 1134 1589; x_wconf 86' lang='lat' dir='ltr'><strong>opaca</strong></span> 
     </span>
    </p>

    <p class='ocr_par' dir='ltr' id='par_1_8' title="bbox 191 1607 1170 1662">
     <span class='ocr_line' id='line_1_22' title="bbox 191 1607 1170 1662; baseline -0.001 -13"><span class='ocrx_word' id='word_1_128' title='bbox 191 1609 295 1651; x_wconf 87' lang='lat' dir='ltr'><strong>llice</strong></span> <span class='ocrx_word' id='word_1_129' title='bbox 313 1626 322 1657; x_wconf 90' lang='lat'><strong>;</strong></span> <span class='ocrx_word' id='word_1_130' title='bbox 344 1610 406 1651; x_wconf 89' lang='lat' dir='ltr'><strong>sic</strong></span> <span class='ocrx_word' id='word_1_131' title='bbox 423 1609 513 1651; x_wconf 89' lang='lat' dir='ltr'><strong>leni</strong></span> <span class='ocrx_word' id='word_1_132' title='bbox 532 1608 808 1662; x_wconf 71' lang='lat' dir='ltr'><strong>crepitabant</strong></span> <span class='ocrx_word' id='word_1_133' title='bbox 824 1607 1003 1650; x_wconf 81' lang='lat' dir='ltr'><strong>bractea</strong></span> <span class='ocrx_word' id='word_1_134' title='bbox 1021 1611 1170 1649; x_wconf 89' lang='lat' dir='ltr'><strong>vento.</strong></span> 
     </span>
    </p>

    <p class='ocr_par' dir='ltr' id='par_1_9' title="bbox 188 1676 1286 1802">
     <span class='ocr_line' id='line_1_23' title="bbox 189 1676 1277 1733; baseline -0.001 -14"><span class='ocrx_word' id='word_1_135' title='bbox 189 1679 380 1733; x_wconf 81' lang='lat' dir='ltr'><strong>Corripit</strong></span> <span class='ocrx_word' id='word_1_136' title='bbox 395 1681 549 1719; x_wconf 86' lang='lat' dir='ltr'><strong>AEneas</strong></span> <span class='ocrx_word' id='word_1_137' title='bbox 563 1678 800 1730; x_wconf 72' lang='lat' dir='ltr'><strong>extemplo,</strong></span> <span class='ocrx_word' id='word_1_138' title='bbox 816 1678 1055 1731; x_wconf 77' lang='lat' dir='ltr'><strong>avidusque</strong></span> <span class='ocrx_word' id='word_1_139' title='bbox 1073 1676 1277 1730; x_wconf 69' lang='lat' dir='ltr'><strong>retringit</strong></span> 
     </span>
     <span class='ocr_line' id='line_1_24' title="bbox 188 1748 1286 1802; baseline 0 -13"><span class='ocrx_word' id='word_1_140' title='bbox 188 1752 494 1795; x_wconf 84' lang='lat' dir='ltr'><strong>Cunctantem,</strong></span> <span class='ocrx_word' id='word_1_141' title='bbox 517 1751 561 1791; x_wconf 86' lang='lat' dir='ltr'><strong>et</strong></span> <span class='ocrx_word' id='word_1_142' title='bbox 580 1749 685 1790; x_wconf 87' lang='lat' dir='ltr'><strong>vatis</strong></span> <span class='ocrx_word' id='word_1_143' title='bbox 706 1749 853 1802; x_wconf 83' lang='lat' dir='ltr'><strong>portat</strong></span> <span class='ocrx_word' id='word_1_144' title='bbox 867 1748 945 1790; x_wconf 75' lang='lat' dir='ltr'><strong>sul)</strong></span> <span class='ocrx_word' id='word_1_145' title='bbox 962 1750 1077 1790; x_wconf 75' lang='lat' dir='ltr'><strong>tecla</strong></span> <span class='ocrx_word' id='word_1_146' title='bbox 1094 1748 1286 1799; x_wconf 61' lang='lat' dir='ltr'><strong>Sibyllae.</strong></span> 
     </span>
    </p>

    <p class='ocr_par' dir='ltr' id='par_1_10' title="bbox 186 1818 1416 2499">
     <span class='ocr_line' id='line_1_25' title="bbox 241 1818 1306 1861; baseline -0.001 -2"><span class='ocrx_word' id='word_1_147' title='bbox 241 1822 327 1860; x_wconf 81' lang='lat' dir='ltr'><strong>Nec</strong></span> <span class='ocrx_word' id='word_1_148' title='bbox 344 1819 489 1860; x_wconf 87' lang='lat' dir='ltr'><strong>minus</strong></span> <span class='ocrx_word' id='word_1_149' title='bbox 508 1819 677 1861; x_wconf 81' lang='lat' dir='ltr'><strong>interea</strong></span> <span class='ocrx_word' id='word_1_150' title='bbox 698 1818 913 1860; x_wconf 84' lang='lat' dir='ltr'><strong>Misenum</strong></span> <span class='ocrx_word' id='word_1_151' title='bbox 931 1818 975 1858; x_wconf 89' lang='lat' dir='ltr'><strong>in</strong></span> <span class='ocrx_word' id='word_1_152' title='bbox 996 1818 1126 1859; x_wconf 86' lang='lat' dir='ltr'><strong>litore</strong></span> <span class='ocrx_word' id='word_1_153' title='bbox 1145 1819 1306 1860; x_wconf 85' lang='lat' dir='ltr'><strong>Teucri</strong></span> 
     </span>
     <span class='ocr_line' id='line_1_26' title="bbox 190 1885 1259 1941; baseline -0.001 -14"><span class='ocrx_word' id='word_1_154' title='bbox 190 1887 383 1931; x_wconf 82' lang='lat' dir='ltr'><strong>Flebant.</strong></span> <span class='ocrx_word' id='word_1_155' title='bbox 407 1891 451 1929; x_wconf 82' lang='lat' dir='ltr'><strong>et</strong></span> <span class='ocrx_word' id='word_1_156' title='bbox 469 1888 606 1930; x_wconf 87' lang='lat' dir='ltr'><strong>cineri</strong></span> <span class='ocrx_word' id='word_1_157' title='bbox 627 1888 801 1939; x_wconf 80' lang='lat' dir='ltr'><strong>ingrato</strong></span> <span class='ocrx_word' id='word_1_158' title='bbox 821 1897 1024 1941; x_wconf 82' lang='lat' dir='ltr'><strong>suprema</strong></span> <span class='ocrx_word' id='word_1_159' title='bbox 1044 1885 1259 1928; x_wconf 76' lang='lat' dir='ltr'><strong>ferebant.</strong></span> 
     </span>
     <span class='ocr_line' id='line_1_27' title="bbox 191 1954 1165 2009; baseline 0 -15"><span class='ocrx_word' id='word_1_160' title='bbox 191 1955 417 2009; x_wconf 86' lang='lat' dir='ltr'><strong>Principio</strong></span> <span class='ocrx_word' id='word_1_161' title='bbox 433 1955 640 2008; x_wconf 76' lang='lat' dir='ltr'><strong>pinguem</strong></span> <span class='ocrx_word' id='word_1_162' title='bbox 659 1954 786 1997; x_wconf 81' lang='lat' dir='ltr'><strong>taedis</strong></span> <span class='ocrx_word' id='word_1_163' title='bbox 807 1959 851 1996; x_wconf 86' lang='lat' dir='ltr'><strong>et</strong></span> <span class='ocrx_word' id='word_1_164' title='bbox 868 1955 1025 1997; x_wconf 87' lang='lat' dir='ltr'><strong>robore</strong></span> <span class='ocrx_word' id='word_1_165' title='bbox 1045 1956 1165 1997; x_wconf 90' lang='lat' dir='ltr'><strong>secto</strong></span> 
     </span>
     <span class='ocr_line' id='line_1_28' title="bbox 186 2023 1289 2079; baseline 0.001 -15"><span class='ocrx_word' id='word_1_166' title='bbox 186 2027 414 2077; x_wconf 81' lang='lat' dir='ltr'><strong>Ingentem</strong></span> <span class='ocrx_word' id='word_1_167' title='bbox 433 2029 632 2067; x_wconf 83' lang='lat' dir='ltr'><strong>struxere</strong></span> <span class='ocrx_word' id='word_1_168' title='bbox 648 2036 805 2079; x_wconf 79' lang='lat' dir='ltr'><strong>pyram</strong></span> <span class='ocrx_word' id='word_1_169' title='bbox 824 2041 833 2064; x_wconf 72' lang='grc' dir='ltr'>ι</span> <span class='ocrx_word' id='word_1_170' title='bbox 855 2025 926 2066; x_wconf 87' lang='lat' dir='ltr'><strong>cui</strong></span> <span class='ocrx_word' id='word_1_171' title='bbox 941 2023 1168 2066; x_wconf 78' lang='lat' dir='ltr'><strong>frondibus</strong></span> <span class='ocrx_word' id='word_1_172' title='bbox 1185 2023 1289 2065; x_wconf 84' lang='lat' dir='ltr'><strong>atris</strong></span> 
     </span>
     <span class='ocr_line' id='line_1_29' title="bbox 186 2093 1166 2146; baseline 0 -12"><span class='ocrx_word' id='word_1_173' title='bbox 186 2097 393 2136; x_wconf 54' lang='lat' dir='ltr'><strong>Intexunt</strong></span> <span class='ocrx_word' id='word_1_174' title='bbox 408 2095 560 2141; x_wconf 81' lang='lat' dir='ltr'><strong>latera,</strong></span> <span class='ocrx_word' id='word_1_175' title='bbox 581 2097 625 2136; x_wconf 84' lang='lat' dir='ltr'><strong>et</strong></span> <span class='ocrx_word' id='word_1_176' title='bbox 645 2093 798 2136; x_wconf 84' lang='lat' dir='ltr'><strong>ferales</strong></span> <span class='ocrx_word' id='word_1_177' title='bbox 817 2098 919 2135; x_wconf 83' lang='lat' dir='ltr'><strong>ante</strong></span> <span class='ocrx_word' id='word_1_178' title='bbox 938 2103 1166 2146; x_wconf 66' lang='lat' dir='ltr'><strong>cupressos</strong></span> 
     </span>
     <span class='ocr_line' id='line_1_30' title="bbox 187 2163 1416 2218; baseline -0.002 -13"><span class='ocrx_word' id='word_1_179' title='bbox 187 2167 482 2210; x_wconf 79' lang='lat' dir='ltr'><strong>constituunt,</strong></span> <span class='ocrx_word' id='word_1_180' title='bbox 506 2164 806 2216; x_wconf 76' lang='lat' dir='ltr'><strong>decorantque</strong></span> <span class='ocrx_word' id='word_1_181' title='bbox 825 2176 955 2218; x_wconf 87' lang='lat' dir='ltr'><strong>super</strong></span> <span class='ocrx_word' id='word_1_182' title='bbox 976 2163 1244 2216; x_wconf 69' lang='lat' dir='ltr'><strong>fulgentibus</strong></span> <span class='ocrx_word' id='word_1_183' title='bbox 1270 2163 1416 2206; x_wconf 87' lang='lat' dir='ltr'><strong>armis.</strong></span> 
     </span>
     <span class='ocr_line' id='line_1_31' title="bbox 186 2230 1268 2276; baseline -0.001 -2"><span class='ocrx_word' id='word_1_184' title='bbox 186 2236 291 2275; x_wconf 82' lang='lat' dir='ltr'><strong>Pars</strong></span> <span class='ocrx_word' id='word_1_185' title='bbox 312 2233 474 2276; x_wconf 84' lang='lat' dir='ltr'><strong>calidos</strong></span> <span class='ocrx_word' id='word_1_186' title='bbox 494 2233 644 2275; x_wconf 85' lang='lat' dir='ltr'><strong>latices</strong></span> <span class='ocrx_word' id='word_1_187' title='bbox 659 2234 703 2275; x_wconf 85' lang='lat' dir='ltr'><strong>et</strong></span> <span class='ocrx_word' id='word_1_188' title='bbox 722 2233 832 2274; x_wconf 82' lang='lat' dir='ltr'><strong>ae&#39;ua</strong></span> <span class='ocrx_word' id='word_1_189' title='bbox 847 2231 1063 2274; x_wconf 87' lang='lat' dir='ltr'><strong>undantia</strong></span> <span class='ocrx_word' id='word_1_190' title='bbox 1082 2230 1268 2273; x_wconf 84' lang='lat' dir='ltr'><strong>flammis</strong></span> 
     </span>
     <span class='ocr_line' id='line_1_32' title="bbox 188 2300 1364 2357; baseline -0.002 -14"><span class='ocrx_word' id='word_1_191' title='bbox 188 2304 447 2357; x_wconf 78' lang='lat' dir='ltr'><strong>Expediunt,</strong></span> <span class='ocrx_word' id='word_1_192' title='bbox 469 2313 713 2357; x_wconf 71' lang='lat' dir='ltr'><strong>corpusque</strong></span> <span class='ocrx_word' id='word_1_193' title='bbox 733 2303 882 2344; x_wconf 83' lang='lat' dir='ltr'><strong>lavant</strong></span> <span class='ocrx_word' id='word_1_194' title='bbox 902 2300 1099 2348; x_wconf 56' lang='lat' dir='ltr'><strong>frigentis</strong></span> <span class='ocrx_word' id='word_1_195' title='bbox 1120 2305 1162 2342; x_wconf 86' lang='lat' dir='ltr'><strong>et</strong></span> <span class='ocrx_word' id='word_1_196' title='bbox 1179 2305 1364 2353; x_wconf 72' lang='lat' dir='ltr'><strong>ungunt.</strong></span> 
     </span>
     <span class='ocr_line' id='line_1_33' title="bbox 189 2369 1374 2426; baseline 0.002 -15"><span class='ocrx_word' id='word_1_197' title='bbox 189 2373 254 2415; x_wconf 84' lang='lat' dir='ltr'><strong>Fit</strong></span> <span class='ocrx_word' id='word_1_198' title='bbox 270 2373 474 2426; x_wconf 73' lang='lat' dir='ltr'><strong>gemitus.</strong></span> <span class='ocrx_word' id='word_1_199' title='bbox 495 2376 602 2414; x_wconf 86' lang='lat' dir='ltr'><strong>Tum</strong></span> <span class='ocrx_word' id='word_1_200' title='bbox 626 2372 822 2415; x_wconf 85' lang='lat' dir='ltr'><strong>membra</strong></span> <span class='ocrx_word' id='word_1_201' title='bbox 842 2375 942 2413; x_wconf 86' lang='lat' dir='ltr'><strong>toro</strong></span> <span class='ocrx_word' id='word_1_202' title='bbox 964 2369 1121 2414; x_wconf 84' lang='lat' dir='ltr'><strong>defleta</strong></span> <span class='ocrx_word' id='word_1_203' title='bbox 1139 2373 1374 2425; x_wconf 83' lang='lat' dir='ltr'><strong>reponunt.</strong></span> 
     </span>
     <span class='ocr_line' id='line_1_34' title="bbox 190 2441 1234 2499; baseline -0.004 -16"><span class='ocrx_word' id='word_1_204' title='bbox 190 2448 526 2499; x_wconf 71' lang='lat' dir='ltr'><strong>Purpureusque</strong></span> <span class='ocrx_word' id='word_1_205' title='bbox 545 2455 676 2497; x_wconf 68' lang='lat' dir='ltr'><strong>simei*</strong></span> <span class='ocrx_word' id='word_1_206' title='bbox 696 2446 850 2489; x_wconf 71' lang='lat' dir='ltr'><strong>vestes,</strong></span> <span class='ocrx_word' id='word_1_207' title='bbox 875 2441 1092 2482; x_wconf 81' lang='lat' dir='ltr'><strong>velamina</strong></span> <span class='ocrx_word' id='word_1_208' title='bbox 1116 2443 1234 2484; x_wconf 79' lang='lat' dir='ltr'><strong>nota,</strong></span> 
     </span>
    </p>
   </div>
  </div>
 </body>
</html>
