1917 2942
377 370 428 408 36
884 364 1178 405 BUCOLICA.
1626 363 1674 403 54

381 452 573 496 Grandia
586 462 701 507 saepe
720 452 878 505 quibus
898 450 1201 492 mandavimus
1219 450 1385 493 hordea
1398 450 1527 493 sulcis
1546 483 1552 497 ‚

381 522 537 564 Infelix
555 522 709 563 lolium
730 522 774 562 et
792 520 959 562 steriles
975 520 1218 561 nascuntur
1236 529 1400 561 avenae.

386 594 473 633 Pro
492 590 614 632 molli
629 589 768 638 viola,
782 600 864 644 pro
880 599 1106 642 purpureo
1126 590 1340 637 narcisso,

385 659 581 702 Cardnus
597 661 640 701 et
656 660 792 712 spinis
808 659 946 711 surgit
963 659 1159 713 paliurus
1173 659 1326 700 acutis.

438 731 638 783 Spargite
659 727 845 770 humum
866 727 976 770 soliis
995 761 1004 776 ‚
1026 726 1222 770 inducite
1242 726 1432 770 sontibus
1452 729 1629 770 umbras
1647 762 1654 775 .

387 801 588 841 Pastores
610 815 619 839 ε
641 798 823 840 mandat
842 797 1027 840 fierisihi
1047 797 1150 839 talia
1166 797 1379 852 Daphnis.

387 870 444 910 Et
466 867 683 909 tumulum
700 866 850 913 facite,
875 870 920 908 et
939 867 1108 908 tumulo
1129 866 1407 919 superaddite
1426 877 1628 908 carmen:

391 938 587 979 DAPHNIS
602 944 687 978 EGO
707 946 750 977 IN
774 945 912 978 S1Lvls
930 966 939 986 ‚
961 943 1066 977 fflNc
1086 944 1223 985 USQUE
1238 944 1298 976 AD
1318 944 1472 977 SIDERA
1497 944 1660 981 no'rus.

392 1008 592 1051 FORMOSI
611 1013 792 1048 PECORIS
811 1012 971 1047 cusros
986 1035 994 1051 ‚
1012 1012 1265 1047 Fonnosma
1281 1014 1390 1047 IPSE.

913 1081 1152 1115 MENALGAS.

393 1142 493 1183 Tale
510 1142 639 1182 tuum
654 1151 831 1184 carmen
851 1141 978 1183 nobis
991 1172 1001 1188 ,
1024 1141 1172 1183 divine
1192 1143 1343 1193 poeta,

395 1209 532 1259 Quale
551 1220 682 1263 sopor
701 1207 819 1263 fessis
837 1210 882 1250 in
903 1210 1124 1262 gramine;
1143 1211 1270 1262 quale
1288 1220 1368 1263 per
1385 1211 1539 1251 aestum

403 1279 553 1321 Dulcis
569 1289 690 1330 aquae
715 1279 896 1321 saliente
914 1280 1031 1320 sitim
1050 1282 1322 1333 restinguere
1342 1280 1451 1322 rivo.

398 1349 488 1390 Nec
505 1349 682 1389 calamis
697 1350 840 1390 solum
860 1349 1116 1404 aequiparas,
1138 1349 1214 1392 sed
1232 1360 1357 1394 voce.
1378 1350 1656 1402 magistrum;

400 1419 641 1460 Fortunate
668 1430 794 1471 puer,
816 1423 864 1460 vtu
882 1431 1003 1461 nunc
1021 1420 1104 1462 eris
1123 1420 1232 1462 alter
1253 1419 1305 1461 ab
1325 1419 1417 1461 illo.

402 1490 490 1529 Nos
507 1489 656 1538 tamen
673 1486 769 1529 haec
788 1498 1051 1542 quoeunque
1064 1488 1200 1530 modo
1222 1488 1298 1529 tihi
1323 1493 1472 1530 nostra
1486 1487 1673 1530 vicissim

403 1559 607 1599 Dicemus
626 1589 635 1606 ‚
656 1556 950 1610 Daphninque
964 1559 1089 1598 tuum
1111 1558 1310 1599 tollemus
1328 1557 1383 1599 ad
1398 1559 1511 1600 astra
1527 1577 1537 1607 ;

405 1626 612 1680 Daphnin
627 1624 681 1669 ad
692 1628 807 1668 astra
822 1625 1025 1670 feremus:
1042 1625 1202 1668 amavit
1217 1637 1298 1667 nos
1310 1637 1483 1681 quoque
1496 1627 1702 1682 Daphnis.

956 1704 1139 1738 MOPSUS.

408 1771 477 1807 An
494 1765 734 1819 quidquam
747 1766 875 1807 nohis
893 1765 968 1806 tali
988 1765 1043 1807 sit
1056 1775 1242 1807 munere
1262 1766 1434 1817 maJus?

407 1837 462 1876 Et
476 1845 586 1887 puer
601 1834 692 1888 ipse
711 1832 793 1874 fuit
811 1833 979 1875 cantari
998 1831 1155 1885 dignus
1174 1866 1183 1880 ,
1206 1835 1249 1874 et
1265 1833 1346 1875 ista

407 1908 432 1945 J
437 1915 505 1946 am
524 1903 694 1956 pridem
713 1904 927 1946 Stimicon
941 1902 1135 1944 laudavit
1149 1903 1342 1945 carmina
1358 1903 1499 1946 nobis.

931 1980 1172 2014 MENALGAS.

465 2041 685 2083 Candidus
697 2040 919 2083 insuetum
937 2041 1122 2083 miratur
1139 2041 1273 2083 limen
1295 2041 1491 2096 Olympi.

413 2112 499 2154 Sub
519 2111 791 2166 pedibusque
806 2110 927 2153 videt
941 2111 1079 2153 nubes
1095 2113 1138 2152 et
1150 2112 1293 2153 sidera
1308 2112 1518 2166 Daphnis.

416 2185 534 2234 Ergo
554 2181 708 2223 alacris
725 2181 851 2222 silvas
876 2183 918 2221 et
938 2185 1083 2223 cetera
1097 2192 1201 2222 rura
1219 2181 1419 2234 voluptas
1440 2213 1449 2229 ‚

418 2255 624 2304 Panaque
640 2251 925 2305 pastoresque
945 2252 1078 2297 tenet,
1102 2250 1386 2303 Dryadasque
1402 2250 1583 2304 puellas.

418 2325 506 2364 Nec
520 2320 651 2374 lupus
665 2320 841 2362 insidias
860 2320 1008 2373 pecori
1022 2352 1031 2369 ,
1054 2330 1135 2362 nec
1145 2321 1254 2361 retia
1269 2320 1408 2363 cervis

422 2391 518 2432 Ulla
535 2389 688 2432 dolum
705 2389 975 2432 meditantur
996 2406 1006 2430 ι
1027 2392 1142 2431 amat
1161 2389 1301 2431 bonus
1319 2391 1406 2431 otia
1429 2390 1639 2442 Daphnis.

425 2461 511 2515 Ipsi
531 2461 681 2503 laetitia
700 2471 828 2520 voces
853 2460 906 2503 ad
926 2460 1067 2504 sidera
1083 2462 1251 2512 jactam
