1917 2942
337 343 413 383 1⁴66
852 342 1115 384 AENEIDOS
1564 345 1641 383 574

388 431 566 472 Dixerat
588 446 597 469 :
620 433 748 481 atque
770 428 928 470 animis
949 428 1113 480 pariter
1129 429 1399 471 certantibus
1417 439 1567 471 omnes

338 503 453 541 Dant
472 510 662 541 cuneum
680 515 690 546 3
715 498 935 551 densaque
955 497 1012 539 ad
1026 510 1176 541 muros
1192 499 1306 541 mole
1320 497 1535 541 feruntur.

338 570 473 610 Scalae
490 569 744 622 improviso,
762 567 1019 621 subitusque
1039 568 1242 621 adparuit
1259 568 1386 620 ignis.

338 638 601 680 Discurrunt
617 638 688 678 alii
707 638 758 679 ad
773 644 922 690 portas
938 669 948 688 ,
966 638 1219 690 primosque
1238 636 1480 685 trucidant3

338 711 521 749 Ferrum
538 708 610 749 alii
625 712 835 761 torquent
852 740 861 754 ‚
883 713 925 751 et
946 709 1212 751 obumbrant
1228 709 1392 751 aethera
1410 709 1518 751 telis.

337 781 436 833 Ipse
453 780 567 820 iuter
586 778 752 832 primos
772 778 972 819 dextram
995 779 1073 820 snb
1094 780 1259 821 moeuia
1277 778 1420 820 tendit

342 851 496 890 AEneas
513 880 522 895 ‚
546 858 792 901 magnaque
810 848 983 889 incusat
1002 859 1111 890 voce
1134 849 1362 894 Latinium

339 919 628 970 ‘testaturque
649 915 754 958 deos
773 947 781 963 ‚
805 917 966 958 iterum
984 928 1029 959 se
1051 917 1103 959 ad
1123 918 1272 970 praelia
1290 916 1389 969 cogi
1406 931 1416 964 ς

341 987 411 1029 Bis
423 989 516 1038 jam
532 987 668 1028 Italos
687 985 856 1035 hostes;
878 987 972 1029 haec
992 988 1125 1028 altera
1149 985 1313 1028 foedera
1333 986 1495 1038 rumpi.

341 1057 546 1098 Exoritur
563 1056 755 1111 trepidos
776 1058 891 1099 inter
911 1058 1133 1099 discordia
1153 1057 1270 1100 cives
1289 1071 1298 1092 ε

344 1128 509 1169 Urbem
530 1127 601 1169 alii
620 1140 816 1170 reserare
830 1128 1012 1178 jubent.
1033 1132 1076 1170 et
1099 1128 1291 1182 pandere
1310 1130 1459 1180 portas

343 1196 628 1248 Dardanidis,
645 1199 880 1251 ipsumque
901 1197 1082 1239 trahunt
1099 1198 1142 1238 in
1166 1197 1328 1237 moenia
1346 1207 1492 1248 regem
1510 1212 1520 1244 ;

347 1270 479 1310 Arma
498 1267 645 1310 ferunt
663 1268 733 1309 alii
751 1301 760 1316 ‚
783 1273 827 1310 et.
846 1270 1037 1322 pergunt
1056 1266 1293 1310 defendere
1313 1277 1460 1308 muros
1479 1282 1488 1306 :

275 1349 277 1351 ’
345 1339 541 1380 Inclusas
561 1341 609 1379 nt
626 1349 759 1391 quum
779 1338 1002 1380 latebroso
1022 1337 1067 1378 in
1086 1339 1264 1392 pumice
1285 1342 1435 1391 pastor

346 1409 583 1462 vestigavit
597 1419 722 1461 apes,
743 1408 952 1461 fumoque
972 1408 1171 1461 implevit
1189 1418 1337 1449 amaro
1356 1425 1366 1456 ;

345 1479 434 1521 111ae
454 1480 572 1521 intus
595 1479 777 1533 trepidae
796 1490 942 1520 rerum
965 1488 1044 1531 per
1059 1488 1185 1519 cerea
1201 1480 1345 1519 castra

345 1551 629 1596 Discurrunt,
653 1548 908 1601 magnisque
928 1551 1095 1588 acuunt
1113 1545 1375 1588 stridoribus
1393 1547 1501 1591 iras;

348 1621 550 1661 Volvitur
568 1621 662 1662 ater
687 1619 797 1661 odor
824 1619 951 1661 tectis
968 1634 978 1666 ς
998 1623 1089 1658 tum
1106 1628 1332 1658 murmure
1347 1626 1464 1660 caeco

347 1694 471 1732 Intus
486 1701 584 1732 saxa
601 1691 761 1731 sonant
776 1706 786 1737 ;
802 1698 962 1729 vacuas
982 1688 1015 1729 it
1035 1687 1177 1728 fumus
1195 1687 1248 1729 ad
1265 1699 1406 1729 auras.

400 1759 683 1802 Adridithaec
704 1757 820 1801 fessis
840 1759 974 1800 etiam
993 1757 1168 1799 fortuna
1188 1757 1351 1799 Latinis
1365 1789 1374 1804 ‚

348 1834 455 1881 Quae
476 1833 609 1872 totam
626 1830 748 1871 luctu
761 1829 984 1872 concussit
1002 1826 1197 1869 funditus
1213 1827 1384 1869 urbem.

346 1899 516 1952 Regina
535 1903 585 1940 nt
600 1900 723 1941 tectis
744 1899 992 1941 venientem
1009 1898 1224 1951 prospicit
1240 1897 1407 1940 hostem
1427 1928 1435 1943 ‚

348 1971 511 2012 incessi
530 1980 705 2019 muros,
727 1969 853 2021 ignes
874 1967 928 2009 ad
950 1971 1068 2009 tecta
1087 1967 1237 2009 volare
1256 1984 1266 2016 3

351 2041 577 2092 Nusquam
597 2039 712 2081 acies
730 2040 883 2080 contra
902 2037 1105 2084 Rutulas,
1127 2037 1249 2078 nulla
1270 2036 1443 2088 agmina
1457 2036 1589 2076 Turni
1611 2051 1619 2073 :

350 2110 503 2154 Infelix
522 2121 682 2164 pngnae
691 2112 739 2161 ju
749 2120 901 2150 venem
921 2110 969 2150 in
989 2108 1231 2151 certamine
1249 2105 1390 2149 credit

349 2181 623 2222 Exstinctum
641 2197 648 2227 ;
669 2182 736 2225 et,
759 2178 904 2220 subito
923 2181 1118 2220 mentem
1142 2178 1314 2218 turbata
1334 2176 1485 2216 dolore
1504 2206 1513 2221 ‚

353 2254 407 2292 Se
425 2260 597 2291 causam
614 2251 793 2294 clamat,
813 2248 1068 2300 crimenque
1085 2279 1092 2293 ‚
1114 2250 1332 2300 caputque
1348 2244 1562 2286 malorum
1581 2261 1590 2291 ;

352 2320 576 2374 Multaque
593 2331 672 2372 per
690 2322 893 2360 maestum
913 2317 1094 2360 demens
1109 2315 1238 2359 effata
1256 2314 1451 2357 furorem
1468 2345 1477 2360 ‚

354 2392 504 2443 Purpu
513 2401 608 2431 reos
624 2389 839 2430 moritura
863 2399 997 2430 marm
1014 2385 1225 2429 discindit
1241 2385 1425 2426 amictus
1442 2416 1448 2430 .

352 2462 405 2502 Et
424 2459 590 2501 nodum
609 2457 811 2501 informis
826 2458 900 2501 leti
920 2458 1045 2501 trabe
1064 2457 1200 2500 nectit
1216 2458 1270 2499 ab
1286 2456 1388 2498 alta.
