1917 2942
313 353 390 392 206
843 350 1101 391 AENEIDOS
1540 352 1618 389 463

309 439 504 490 imperat
526 436 580 478 ad
597 446 728 477 naves
748 435 854 478 ferri
874 467 885 487 ‚
908 435 1129 489 stipatque
1148 434 1307 477 carinis

304 509 469 558 Ingens
490 508 720 559 argentum
739 537 748 553 ‚
770 504 1106 557 D0d011ae0<que
1125 505 1302 553 lebetas,

308 576 512 617 Loricam
529 580 780 617 consertam
798 574 938 616 hamis
957 585 1152 628 auroque
1170 574 1379 620 trilicem,

305 648 363 686 Et
378 655 544 686 conum
563 645 750 697 insignis
782 645 916 696 galeae
932 677 940 691 ‚
959 644 1199 696 cristasque
1216 645 1443 687 comantes
1462 676 1470 691 ‚

308 719 443 755 Arma
466 714 761 767 Neoptolemi.
780 716 891 755 Sunt
906 716 950 755 et
973 725 1050 755 sua
1079 713 1194 755 dona
1212 713 1399 766 parenti.

308 781 446 822 Addit
466 793 601 834 equos
622 814 629 829 ‚
652 781 866 835 additque
884 781 1017 824 duces
1034 797 1044 829 ;

309 851 564 904 Remigium
580 851 778 906 supplem
798 853 943 893 socios
959 851 1093 892 simul
1108 850 1286 891 instruit
1302 850 1451 890 armis.

362 921 538 962 Interea
557 922 736 963 classem
756 921 862 962 velis
884 922 1035 972 aptare
1047 921 1233 971 jubebat

309 989 544 1034 Anchises.
570 989 695 1032 fieret
709 993 842 1031 vento
864 1001 989 1031 mora
1009 1001 1165 1042 nequa
1185 988 1358 1031 ferenti.

309 1061 452 1108 Quem
470 1058 626 1100 Phcebi
645 1061 864 1113 interpres
881 1060 1021 1100 multo
1039 1059 1277 1112 compellat
1292 1058 1463 1101 honore
1481 1076 1491 1099 ι

311 1143 326 1163 α
349 1129 567 1180 conjugio
585 1161 594 1176 ‚
615 1128 829 1176 Anchisa,
852 1130 1035 1171 Veneris
1051 1129 1229 1182 dignate
1249 1130 1464 1182 superbo,

309 1199 424 1249 Cura
448 1197 581 1239 deum
600 1230 607 1245 ‚
630 1198 697 1239 bis
718 1200 973 1250 Pergameis
995 1201 1148 1253 erepte
1166 1198 1303 1240 ruinis
1321 1229 1330 1244 ‚
1490 1233 1513 1255 Η,
1531 1237 1533 1243 ,

309 1271 421 1310 Ecce
448 1268 525 1308 tibi
543 1269 751 1310 Ausonias
773 1269 900 1311 tellus
922 1285 932 1309 :
952 1269 1068 1311 hanc
1089 1268 1241 1323 adripe
1265 1268 1446 1314 velisw-

308 1340 360 1378 Et
378 1341 527 1380 tamen
546 1339 661 1380 hanc
678 1340 834 1392 pelago
855 1338 1165 1394 praeterlabare
1180 1350 1359 1381 necesse
1376 1340 1469 1381 cst:

307 1407 514 1449 Ausoniae
527 1419 626 1461 pars
647 1408 721 1450 illa
736 1409 917 1463 procul.
940 1420 1072 1462 quam
1093 1409 1247 1465 pandit
1266 1409 1441 1464 Apollo.

304 1476 423 1519 Vade
441 1509 449 1524 ,
471 1476 543 1522 ait,
563 1490 589 1519 0
614 1477 712 1520 [elix
729 1479 824 1520 nati
844 1480 1007 1533 pietate
1027 1481 1034 1519 ἰ
1064 1479 1181 1530 Quid
1199 1479 1315 1522 ultra

308 1545 552 1593 Prove'hor,
578 1550 623 1586 et
644 1544 776 1589 fando
791 1551 1022 1599 surgentes
1038 1547 1247 1589 demoror
1264 1549 1448 1589 Austros
1465 1547 1483 1585 ἕ·
1504 1561 1520 1583 »

356 1617 445 1658 Nec
462 1616 608 1658 minus
626 1615 951 1664 Andromache,
975 1616 1170 1668 digressu
1189 1620 1344 1657 maesta
1364 1625 1588 1669 supremo,

310 1688 412 1727 Fert
429 1687 671 1740 picturatas
692 1689 785 1729 auri
805 1688 1055 1729 subtemine
1075 1689 1231 1733 vestes,

310 1756 367 1794 Et
385 1754 624 1806 Phrygiam
646 1758 837 1798 Ascanio
860 1756 1167 1808 chlamydem3
1202 1767 1285 1798 nec
1306 1754 1425 1798 cedit
1441 1753 1631 1803 honori;

315 1824 645 1879 'l‘extilibusque
666 1830 820 1867 onerat
837 1826 982 1873 donis,
1008 1836 1058 1866 ac
1075 1825 1182 1867 talia
1204 1825 1341 1865 fatur:

318 1893 513 1948 «Adcipe
527 1895 915 1943 etllaec,1nanuum
930 1896 1010 1937 tibi
1026 1906 1122 1948 quae
1134 1899 1420 1936 monumenta
1436 1903 1633 1934 mearum

315 1966 427 2010 Sint,
445 1975 572 2018 puer,
589 1968 632 2006 et
645 1965 830 2018 longum
846 1964 1169 2006 Andromaelize
1186 1966 1401 2009 testentur
1418 1974 1632 2009 amorem,

318 2034 524 2086 conjugis
541 2038 785 2078 Hectoreae.
806 2039 923 2090 Cape
939 2035 1058 2076 dona
1073 2039 1264 2078 extrema
1280 2036 1474 2080 tuorum,

320 2106 356 2143 s)
379 2104 488 2145 mihi
501 2106 594 2147 sola
611 2105 696 2148 mei
714 2116 846 2161 super
866 2104 1142 2156 Astyanactis
1160 2105 1329 2156 imago!

319 2174 388 2215 Sic
405 2174 576 2222 oculos,
598 2174 658 2216 sic
674 2174 753 2216 ille
771 2186 940 2223 manus,
958 2176 1021 2216 sic
1037 2184 1115 2215 ora
1133 2172 1295 2216 ferebat
1311 2190 1321 2221 ;

320 2245 374 2283 Et
393 2254 514 2284 nunc
532 2244 692 2296 aequali
711 2246 857 2286 tecum
876 2245 1139 2298 pubesceret
1160 2253 1269 2285 aevo.
1290 2258 1308 2280 »

325 2300 467 2354 ff‘l-los
488 2324 571 2365 ego
586 2312 839 2366 digrediens
854 2314 1062 2366 lacrymis
1078 2311 1257 2354 adfabar
1272 2312 1436 2355 obortis
1455 2324 1465 2347 1

328 2397 343 2419 a
364 2382 521 2431 vivite,
543 2381 710 2436 felices,
728 2383 886 2435 quibus
906 2388 972 2426 est
990 2383 1167 2425 fortuna
1180 2384 1358 2436 peracta

327 2457 427 2494 Jam
443 2466 520 2496 sua
540 2471 550 2495 ε
571 2466 653 2497 nos
669 2454 749 2497 alia
771 2465 823 2497 ex
842 2455 939 2496 aliis
956 2454 1000 2494 in
1018 2453 1107 2496 iata
1126 2463 1351 2495 vocamur.
