1917 2942
312 345 391 384 224
842 345 1102 385 AENEIDOS
1554 346 1631 386 2:53

312 431 518 473 Constitit
540 447 549 472 ι
572 432 679 474 hinc
700 433 793 472 toto
813 441 1012 482 praeeeps
1027 442 1072 473 se
1086 441 1277 485 corpore
1298 430 1351 472 ad
1371 430 1511 472 undas

312 501 448 547 Misit3
468 501 538 543 avi
553 501 722 546 similis,
746 510 844 551 quae
866 500 1036 542 circum
1054 501 1200 553 litora,
1222 500 1392 542 circum

312 569 517 612 Pi>cosos
536 571 757 623 scopulos,
772 569 955 610 humilis
982 571 1101 610 volat
1120 580 1297 623 aequora
1312 572 1450 620 juxta.

309 641 439 683 Haud
462 641 592 682 aliter
610 646 746 684 terras
762 639 879 679 inter
896 639 1144 693 ccelumque
1165 638 1343 682 volabat

310 711 430 751 Litus
451 721 688 751 arenosum
709 708 763 749 ad
780 709 941 760 Libyae,
959 713 1202 761 ventosque
1221 707 1414 758 secabat,

307 781 509 822 Materno
533 781 715 822 veniens
734 781 788 820 ab
809 789 893 820 avo
913 779 1106 830 Cyllenia
1124 779 1285 832 proles.

360 852 417 891 Ut
435 851 631 902 primum
651 849 775 891 alatis
799 849 942 900 tetigit
964 849 1147 901 magalia
1163 848 1342 902 plantis,

304 919 470 957 AEnean
493 916 756 959 fundantem
781 926 905 956 arces
927 927 978 958 ae
998 916 1111 957 tecta
1132 918 1376 958 novantem

302 987 557 1038 Conspicit3
578 988 708 1038 atque
731 986 788 1025 illi
814 985 1011 1026 stellatus
1031 987 1197 1039 iaspide
1224 984 1340 1026 Fulva

300 1057 426 1098 Ensis
443 1058 552 1103 erat,
574 1056 792 1107 Tyrioque
814 1054 997 1097 ardebat
1015 1056 1186 1097 murice
1203 1055 1330 1102 laena,

304 1125 502 1167 Demissa
523 1136 573 1167 ex
591 1125 786 1166 humeris
809 1141 817 1164 :
840 1124 962 1167 dives
983 1136 1079 1178 quae
1095 1135 1280 1166 munera
1307 1125 1417 1166 Dido

305 1198 508 1246 Fecerat,
529 1199 574 1237 et
596 1195 718 1237 tenui
741 1195 845 1236 telas
866 1195 1139 1237 discreverat
1157 1205 1284 1236 auro.

303 1266 529 1307 Continuo
550 1266 723 1308 invadit
744 1278 753 1301 ι
781 1278 796 1301 «
818 1268 883 1305 Tu
903 1276 1022 1306 nunc
1036 1265 1314 1317 Carthaginis
1331 1264 1429 1305 altre

302 1334 611 1376 Fundamenta
630 1336 762 1379 locas.
785 1334 1108 1388 pulchramque
1130 1334 1307 1375 uxorius
1335 1334 1490 1375 urbem

300 1405 504 1446 Extruis?
526 1404 613 1446 heu
639 1405 763 1458 regni
792 1415 1034 1457 rerumque
1058 1403 1192 1445 oblite
1211 1405 1410 1445 tuarum!

285 1463 288 1467 ’
308 1475 409 1527 Ipse
430 1474 562 1518 deum
579 1476 660 1517 tibi
680 1484 750 1516 me
768 1475 888 1515 claro
908 1475 1101 1517 demittit
1122 1475 1310 1525 Olympo

300 1546 542 1596 Regnator,
567 1546 729 1586 coelum
751 1547 795 1583 et
813 1544 953 1585 terras
973 1545 1046 1593 qui
1060 1544 1248 1597 'numine
1270 1545 1476 1596 torquet:

296 1616 397 1667 Ipse
413 1614 509 1656 haec
525 1613 640 1657 ferre
652 1613 777 1664 J‘ubet
800 1615 966 1654 celeres
985 1613 1193 1655 mandata
1214 1624 1291 1664 per
1309 1623 1436 1653 auras
1455 1629 1463 1650 :

300 1682 416 1733 Quid
433 1683 599 1724 struis?
619 1684 697 1723 aut
711 1693 798 1735 qua
819 1692 896 1735 spe
917 1681 1096 1733 Libycis
1118 1682 1225 1724 teris
1243 1681 1334 1723 otia
1351 1682 1480 1723 terris
1497 1682 1516 1721 Ρ

300 1752 341 1792 Si
366 1755 405 1794 te
426 1752 547 1804 nulla
572 1754 721 1794 movet
739 1754 959 1793 tantarum
977 1752 1116 1803 gloria
1141 1762 1307 1798 rerum,
1360 1755 1364 1760 '

299 1826 389 1865 Nec
405 1835 540 1878 super
557 1824 651 1875 ipse
674 1829 749 1864 tua
765 1822 933 1863 moliris
957 1821 1087 1862 laude
1109 1821 1302 1863 laborem
1322 1837 1332 1868 ;

299 1892 539 1933 Ascanium
558 1893 831 1944 surgentem.
853 1895 895 1932 et
914 1901 1012 1943 spes
1031 1890 1207 1933 heredis
1226 1889 1306 1930 luli

295 1960 506 2013 Respice3
527 1960 599 2000 cni
621 1970 809 2012 regnum
825 1958 957 2000 [ts-diae
980 1962 1267 2012 Romanaque
1290 1957 1418 1999 tellus

323 2030 546 2071 )el]entur.
569 2044 587 2067 2>
606 2030 698 2070 Tali
719 2028 943 2081 Cyllenius
965 2040 1041 2072 ore
1060 2029 1249 2075 locutus,

201 2086 227 2096 f
301 2100 509 2141 Mortales
527 2101 646 2143 visus
667 2099 815 2140 medio
830 2110 1035 2142 sermone
1055 2099 1253 2152 reliquit,

297 2172 353 2209 Et
371 2171 529 2222 procul
544 2171 589 2211 in
613 2173 789 2212 tenuem
811 2180 864 2211 ex
881 2169 1020 2210 oeulis
1041 2168 1223 2210 evanuit
1241 2178 1408 2208 auram.

363 2242 421 2280 At
440 2250 542 2281 vero
561 2244 716 2282 AEneas
734 2239 945 2292 adspectu
963 2239 1188 2281 obmutuit
1204 2248 1354 2280 amens
1372 2255 1381 2286 ;

300 2308 600 2361 Adrectzeque
616 2309 806 2351 horrore
822 2319 976 2355 comae,
999 2312 1042 2349 et
1057 2320 1144 2350 vox
1164 2306 1359 2349 faucibus
1374 2305 1511 2346 llaesit.

298 2377 440 2420 Ardet
458 2378 579 2420 abire
596 2378 710 2432 fuga,
729 2378 970 2431 dulcesque
984 2378 1236 2431 relinquere
1252 2378 1406 2426 terras,

302 2446 540 2490 Adtonitus
559 2452 681 2492 tanto
704 2448 873 2489 monitu
898 2448 1169 2502 imperioque
1189 2446 1390 2488 deorum⁸
