1917 2942
299 341 303 344 ν
327 315 403 356 246
849 312 1105 353 AENEIDOS
1547 313 1627 354 437

330 402 575 443 Centaurus
592 414 603 445 ς
622 408 741 440 nunc
757 409 845 440 una
867 397 1006 439 ambae
1016 397 1268 451 junctisque
1286 398 1487 440 seruntur

328 470 565 512 Frontibus
578 500 590 519 ‚
609 472 652 509 et
672 468 803 521 longa
818 468 989 511 sulcant
1007 467 1121 509 vada
1137 470 1247 510 salsa
1264 470 1426 511 carina.

327 542 513 591 Jamque
524 536 884 591 propinquabant
908 536 1106 591 scopulo,
1131 540 1383 591 metamque
1402 537 1634 585 tenebaut;

330 611 480 658 Quum
499 606 704 660 princeps
722 605 956 658 medioque
971 608 1087 657 Gyas
1105 605 1149 645 in
1166 606 1340 658 gurgite
1355 607 1498 648 victor

330 679 567 719 Rectorem
585 676 708 716 navis
727 676 962 728 compellat
976 686 1086 717 voce
1105 678 1320 718 Menoeten
1342 691 1353 715 z

334 762 350 784 (ι
365 750 463 797 Quo
478 748 650 787 tantum
664 744 768 786 mihi
786 744 938 787 dexter
956 744 1048 786 abis
1064 746 1081 785 ?
1102 744 1191 786 huc
1209 745 1347 798 dirige
1362 756 1560 798 gressum
1575 761 1584 791 ;

329 816 450 857 Litus
466 826 585 859 ama,
606 818 650 856 et
668 816 797 857 laevas
813 815 1001 866 stringat
1015 815 1109 855 sine
1125 815 1315 866 palmula
1334 817 1506 862 cautes;

329 887 481 927 Altum
495 885 568 926 alii
585 887 784 926 teneant.
807 900 823 921 »
847 885 980 924 Dixit.
999 883 1085 925 Sed
1104 894 1219 926 caeca
1239 886 1453 927 Menoetes

332 959 441 998 Saxa
461 957 619 997 timens
638 987 646 1000 ‚
665 965 842 1007 proram
859 953 1003 1005 pelagi
1024 952 1258 1006 detorquet
1278 953 1334 995 ad
1352 953 1510 995 undas,

330 1039 347 1061 α
373 1027 470 1074 Quo
489 1023 687 1066 diversus
705 1021 848 1065 abis?»
869 1023 1031 1062 iterum
1050 1053 1058 1068 ‚
1079 1037 1094 1058 ιι
1114 1024 1223 1064 Pete
1246 1033 1368 1068 saxa,
1390 1024 1597 1070 Menoete‚
1620 1039 1637 1060 »

334 1098 447 1134 Cum
469 1094 661 1135 clamore
677 1093 793 1142 Gyas
810 1090 1071 1137 revocabat3
1097 1092 1141 1132 et
1155 1101 1256 1132 ecce
1273 1090 1539 1132 Cloanthum

331 1164 525 1218 Respicit
546 1164 784 1204 instantem
806 1164 927 1213 tergo
945 1191 954 1205 ‚
979 1164 1021 1201 et
1047 1160 1252 1214 propiora
1268 1162 1508 1203 tenentem.

332 1235 411 1277 llle
427 1236 543 1275 inter
556 1243 801 1284 navemque
818 1234 922 1282 Gyae
939 1230 1235 1284 scopulosque
1253 1232 1460 1273 sonantes

333 1305 465 1347 Radit
479 1306 562 1346 iter
580 1304 742 1344 laevum
758 1301 960 1351 interior,
979 1299 1214 1351 subitoque
1231 1301 1426 1353 priorem

334 1378 557 1423 Praeterit,
580 1380 622 1418 et
640 1375 768 1417 metis
787 1377 909 1417 tenet
924 1383 1105 1427 aequora
1120 1373 1216 1412 tuta
1235 1371 1413 1414 relictis.

336 1452 448 1489 Tum
464 1458 569 1489 vero
586 1446 744 1488 exarsit
768 1445 923 1495 juveni
936 1443 1064 1485 dolor
1083 1441 1248 1484 ossibus
1267 1443 1443 1494 ingens;

336 1521 426 1560 Nec
441 1516 648 1568 lacrymis
668 1524 849 1556 caruere
872 1523 995 1565 gente
1011 1529 1022 1562 ;
1044 1521 1312 1564 segnemque
1328 1513 1548 1552 Menoeten
1567 1540 1576 1555 ,

336 1586 506 1628 Oblitus
523 1584 780 1636 decorisque
800 1583 868 1625 sui
887 1583 1145 1633 sociumque
1160 1580 1328 1625 salutis,

337 1659 389 1698 In
405 1668 526 1698 mare
540 1654 812 1709 praecipiten]
831 1652 968 1706 puppi
987 1651 1195 1693 deturbat
1216 1650 1269 1691 ab
1292 1650 1394 1691 alta.

336 1728 433 1781 Ipse
448 1724 721 1779 gubernaclo
736 1725 883 1766 rector
902 1721 1019 1763 subit
1038 1752 1046 1768 ‚
1065 1720 1158 1773 ipse
1174 1720 1383 1771 magister
1398 1733 1409 1757 ι

337 1799 639 1848 I-Iortaturque
653 1794 772 1835 viros
790 1826 797 1841 ‚
821 1793 1083 1843 clavumque
1102 1789 1157 1830 ad
1176 1790 1307 1830 litora
1324 1790 1515 1841 torquet.

337 1869 396 1907 At
412 1856 583 1918 gravis,
605 1865 657 1905 ut
671 1860 809 1904 lunt-lo
825 1862 897 1903 vix
917 1859 1096 1902 tandem
1110 1857 1311 1899 redditus
1329 1859 1419 1899 imo
1437 1860 1514 1903 est,

338 1940 440 1978 Jam
455 1936 621 1986 senior,
637 1926 903 1985 madidaque
931 1929 1072 1972 fluens
1090 1930 1135 1969 in
1155 1931 1298 1974 veste,
1323 1930 1536 1968 Menoetes
1557 1957 1566 1977 ,

340 2009 517 2046 Summa
532 2003 645 2055 petit
665 2002 851 2055 scopuli,
869 2000 1071 2051 siccaque
1092 1997 1138 2037 in
1158 2008 1270 2050 rupe
1286 1995 1464 2039 resedit.

338 2076 469 2116 Illum
483 2076 526 2115 et
545 2072 764 2114 labentem
784 2070 940 2112 Teucri
958 2100 966 2114 .
984 2073 1028 2111 et
1045 2068 1183 2109 risere
1203 2070 1426 2107 natantem
1440 2095 1452 2114 ‚

337 2146 394 2185 Et
407 2144 542 2186 salsos
555 2141 704 2184 rident
724 2142 1026 2183 revomentem
1041 2138 1223 2191 pectore
1241 2134 1413 2177 [luctus.

340 2213 427 2255 Hic
438 2213 536 2254 laeta
556 2212 757 2253 extremis
771 2221 869 2264 spes
885 2213 950 2252 est
964 2208 1151 2249 adcensa
1164 2206 1332 2247 duobus
1350 2236 1359 2253 ‚

340 2284 546 2335 Sergesto
557 2279 882 2334 Mnestheique,
901 2281 1030 2331 Gyan
1049 2286 1255 2328 superare
1272 2274 1534 2316 morantem.

342 2352 568 2406 Sergestus
584 2350 702 2404 capit
716 2353 816 2391 ante
833 2349 997 2395 locum,
1018 2345 1289 2399 scopuloque
1306 2342 1566 2397 propinquat
1586 2356 1593 2378 ε

346 2426 433 2465 Nec
458 2425 548 2464 tota
567 2423 713 2462 tamen
734 2419 805 2461 ille
824 2418 946 2471 prior
970 2417 1192 2471 prfeennte
1213 2413 1388 2455 carina:
