1917 2942
383 311 434 351 58
882 310 1180 351 BUCOLICA.
1637 313 1685 352 87

385 398 423 437 N
430 405 489 437 on
509 395 611 437 tulit
629 397 870 450 Antigenes
896 398 959 447 (et
988 401 1083 440 erat
1102 399 1198 438 tum
1215 395 1376 450 dignus
1396 400 1562 449 amari),

387 467 651 508 Formosum
670 467 848 521 paribus
865 467 995 509 nodis
1014 469 1145 519 atque
1164 477 1271 512 aere.
1292 466 1507 509 Menalca.

391 623 1692 677 ἑὲῷβεῷᾣὲἒὲὲὲᾷὲὲἒὲἒᾷε,ἢῷἒὲῷῷῷἑρᾇὲῇᾣᾱῆἒεῷᾓ

852 778 1112 828 ECLOGA
1151 781 1237 827 VI.

929 910 1174 950 SILENUS.

441 1027 657 1070 Mnasylum
674 1028 710 1062 et
728 1025 927 1068 Chromin,
961 1035 1120 1071 pueros,
1154 1026 1262 1062 docet
1294 1026 1443 1062 Silenus
1468 1036 1552 1072 quoe
1571 1026 1699 1071 prima

396 1090 411 1123 f
415 1086 514 1123 uerit
529 1095 661 1121 rerum
681 1086 804 1131 origo,
824 1096 869 1122 ex
883 1086 1073 1122 sententia
1091 1085 1260 1130 Epicuri,
1281 1089 1387 1128 cujus
1406 1087 1564 1131 quidem
1584 1088 1700 1123 disci-

394 1147 512 1191 plinis
541 1147 749 1183 adhaesisse
770 1150 862 1183 tunc
886 1147 1119 1193 Virgilium,
1140 1157 1184 1185 ex
1213 1148 1284 1184 hac
1303 1148 1386 1191 ipsa
1421 1150 1523 1191 patet
1547 1151 1696 1193 Ecloga.

400 1214 482 1246 Non
503 1208 633 1243 minus
654 1207 720 1243 hic
734 1210 776 1244 in
792 1211 1024 1253 argumento
1043 1209 1145 1252 felix,
1162 1217 1279 1254 quam
1300 1210 1342 1245 in
1357 1209 1439 1254 ipsa
1458 1210 1699 1251 tractatione,

399 1268 604 1303 mirandus
619 1270 742 1312 poeta.

400 1382 550 1422 Prima
564 1381 792 1433 Syracosio
812 1379 994 1434 dignata
1011 1380 1243 1424 estludere
1261 1394 1392 1425 versu

401 1452 556 1493 Nostra
574 1481 583 1497 ‚
603 1460 687 1492 nec
706 1451 881 1492 erubuit
897 1450 1025 1493 silvas
1038 1451 1235 1496 habitare
1255 1483 1265 1500 ,
1288 1450 1452 1492 Thalia.

402 1523 549 1571 Quum
564 1531 767 1562 canerem
781 1531 906 1573 reges
924 1522 1147 1573 etproelia‚
1166 1521 1377 1574 Cynthius
1397 1532 1546 1566 aurem

400 1590 550 1637 vellit,
570 1591 615 1632 et
629 1590 880 1632 admonuit:
904 1604 921 1627 ιι
946 1592 1201 1642 Pastorem,
1217 1591 1388 1643 Tityre,
1405 1592 1590 1646 pingues

403 1663 590 1703 Pascere
609 1660 785 1713 oportet
804 1671 920 1708 oves,
942 1659 1183 1703 deductum
1200 1659 1345 1702 dicere
1364 1672 1558 1703 carmen.
1578 1676 1596 1700 n

405 1730 535 1772 Nune
551 1739 632 1782 ego
653 1731 864 1781 (namque
880 1741 1012 1782 super
1026 1730 1105 1770 tibi
1123 1732 1267 1777 erunt,
1290 1731 1364 1783 qui
1383 1729 1528 1773 dicere
1540 1729 1703 1780 laudes,

404 1801 516 1840 Vare
529 1830 539 1845 .
560 1803 654 1839 tuas
670 1798 852 1850 cupiant
868 1828 879 1849 ‚
904 1802 949 1840 et
964 1798 1102 1839 tristia
1115 1797 1306 1841 condere
1320 1798 1459 1849 bella)

405 1872 440 1909 A
447 1870 637 1922 grestem
653 1870 777 1911 tenui
793 1868 1040 1911 meditabor
1058 1868 1273 1910 arundine
1288 1871 1469 1910 Musam.

405 1941 502 1980 Non
522 1939 683 1991 injussa
700 1949 826 1980 cano.
842 1938 886 1979 Si
906 1939 1003 1990 quis
1022 1939 1167 1979 tamen
1184 1938 1282 1980 haec·
1297 1949 1486 1992 quoque,
1507 1938 1543 1981 si
1560 1938 1655 1991 quis

406 2010 567 2063 Captus
583 2019 731 2050 amore
749 2008 893 2061 leget,
916 2011 958 2050 te
979 2012 1139 2050 nostrae
1156 2039 1165 2055 ‚
1183 2009 1323 2053 vare,
1345 2009 1527 2061 mirycae
1546 2039 1556 2060 ,

404 2081 462 2120 Te
476 2089 633 2120 nemus
652 2089 782 2121 omne
800 2080 954 2120 canet:
977 2089 1060 2120 nee
1078 2076 1244 2119 Phoebo
1261 2078 1426 2130 gratior
1444 2077 1532 2119 ulla
1551 2080 1616 2119 est
1630 2109 1641 2125 ,

406 2152 547 2199 Quam
563 2148 643 2191 sihi
662 2160 759 2204 quae
778 2150 881 2190 Vari
899 2149 1170 2203 praescripsit
1187 2149 1347 2203 pagina
1367 2160 1547 2191 nomen.

460 2219 635 2272 Pergite
657 2250 666 2266 ,
688 2217 896 2261 Pierides.
916 2218 1119 2260 Chromis
1142 2220 1185 2261 et
1199 2218 1419 2270 Mnasylus
1432 2219 1480 2260 in
1500 2222 1631 2261 antro.

407 2287 602 2330 Silenum
621 2287 745 2340 pueri
763 2297 934 2329 sommo
953 2285 1104 2329 videre
1117 2287 1362 2337 jacentem,

409 2355 610 2398 Inflatum
625 2356 830 2399 hesterno
846 2368 1004 2406 venas,
1024 2361 1075 2398 ut
1090 2367 1275 2411 semper,
1298 2356 1456 2399 Iaccho
1479 2373 1488 2397 ι

410 2428 528 2469 Serta
547 2427 700 2480 procul
717 2427 888 2469 tantum
906 2424 1038 2480 capiti
1058 2425 1231 2481 delapsa
1245 2426 1448 2479 jacebant
1466 2456 1476 2472 .
