1917 2942
341 289 418 328 5¹ss

799 291 945 330 CATA
958 290 1126 331 LECTA
1138 321 1148 331 .

925 455 1059 501 VIII.

490 577 565 614 DE
592 574 802 614 SABINO
832 578 1093 617 PARODIA
1125 580 1499 621 CATULLIANA.

447 722 634 765 Sabinus
653 724 749 771 1116,
774 736 904 777 quem
924 725 1093 774 videtis,
1117 725 1332 781 hospites,

446 793 520 834 Ait
538 792 666 835 tuisse
681 794 819 836 11111110
842 794 1098 837 celerrimus
1113 812 1123 843 ;

445 864 593 913 Neque
612 862 749 904 ullius
769 864 955 905 volantis
974 864 1191 918 impetum
1207 864 1283 906 cisi

369 972 374 975 .
444 933 655 984 Nequisse
675 933 926 987 praetorum
944 934 1036 976 sive
1051 935 1276 974 Mantuam

445 1005 568 1055 Opus
585 1000 696 1043 foret
714 1003 886 1048 volare,
908 1004 998 1044 sive
1022 1004 1230 1045 Brixiam.

444 1074 596 1125 Neque
612 1072 696 1115 hoc
708 1076 843 1125 negat
859 1073 1106 1126 Tryphonis
1124 1074 1272 1118 aemuli
1289 1073 1443 1116 domus

445 1143 617 1194 Negare
634 1141 826 1184 nobilem
839 1173 849 1189 ‚
873 1143 1126 1186 insulanive
1145 1143 1304 1185 Caeruli
1323 1160 1332 1183 2

443 1211 525 1252 Ubi
540 1211 643 1258 iste,
664 1215 765 1265 post
778 1212 961 1254 Sabinus
980 1243 991 1263 ,
1008 1217 1109 1253 ante
1126 1213 1337 1264 Quinctio

442 1280 629 1322 Bidente
649 1280 755 1322 dicit
776 1280 1027 1324 adtondisse
1048 1280 1196 1323 forfice

410 1351 418 1357 “’
443 1352 622 1391 Comata
643 1349 781 1396 colia,
808 1362 968 1403 nequa
987 1351 1215 1392 sordidum
1231 1353 1363 1404 ‚jugo

444 1422 704 1465 Premente.
726 1419 839 1461 'dura
858 1422 1022 1462 vuinus
1042 1419 1193 1463 ederet
1208 1420 1331 1471 juba.

443 1494 662 1532 Cremona
681 1489 863 1543 frigida,
883 1494 925 1531 et
944 1482 1087 1555 lutiqsa
1103 1492 1268 1539 Gallia,

440 1559 535 1601 Tibi
557 1559 650 1600 haec
670 1558 820 1606 fuisse,
846 1563 891 1600 et
908 1570 1003 1602 esse
1024 1591 1032 1607 ‚
1055 1561 1357 1612 cognitissima

443 1631 519 1671 Ait
538 1629 720 1671 Sabinus
740 1641 750 1665 :
770 1630 929 1689 ultima
946 1640 998 1671 ex
1016 1630 1188 1682 origiue

442 1704 534 1742 'rua
553 1700 722 1743 stetisse
744 1691 849 1743 dicit
865 1702 913 1742 in
932 1702 1146 1753 voragine
1164 1733 1173 1749 ‚

444 1772 536 1811 Tua
556 1771 602 1810 in
622 1769 781 1822 palude
801 1769 1055 1823 deposuisse
1075 1771 1292 1818 sarcinas,

445 1844 499 1881 Et
516 1839 620 1882 inde
643 1841 709 1880 tot
728 1850 807 1891 per
826 1839 1029 1881 orbitosa
1048 1839 1192 1882 miliia

440 1912 605 1961 Jugum
626 1909 795 1956 tulisse;
811 1910 923 1951 laeva
939 1940 948 1957 ,
967 1909 1059 1951 sive
1079 1909 1279 1957 dextera,

441 1979 630 2031 strigare
650 1979 814 2024 mulas.
839 1979 934 2020 sive
955 1980 1181 2033 utrimque
1201 1983 1411 2033 coeperat.

442 2050 475 2089 Ν
482 2059 593 2099 eque
611 2048 698 2089 ulla
716 2051 820 2090 vota
839 2047 1108 2090 semitalibus
1126 2048 1218 2092 deis

442 2119 529 2160 Sibi
549 2130 641 2161 esse
660 2118 795 2168 facta,
815 2121 996 2173 propter
1014 2119 1100 2162 hoc
1120 2119 1437 2166 novissimum,

438 2193 628 2232 Paterna
646 2190 760 2237 lora.
784 2191 1123 2244 proximumque
1143 2190 1381 2243 pectinem.

440 2260 524 2302 Sed
546 2261 638 2302 baec
658 2261 779 2314 prius
795 2259 941 2309 fuere;
961 2271 1081 2302 nunc
1100 2260 1296 2303 eburnea

440 2330 659 2384 sedetque
678 2330 797 2376 sede,
819 2341 952 2385 seque
969 2330 1149 2373 dedicat
1162 2330 1267 2378 tibi,

439 2399 635 2442 Gemelie
655 2402 825 2449 Castor,
849 2404 893 2442 et
909 2399 1107 2443 Gemelie
1127 2400 1333 2442 Castoris.
