1917 2942
261 368 339 406 ⁴:38
769 367 933 405 LIBER
964 364 1039 405 111.
1493 364 1569 401 469

253 452 466 499 Volvitur,
488 454 562 493 aut
582 451 750 494 catulos
765 451 889 494 tectis
909 452 984 491 aut
1003 461 1086 491 ova
1107 450 1382 503 relinquens.

254 521 430 561 Arduus
454 520 508 561 ad
523 522 659 563 solem
687 523 732 561 et
749 519 908 572 linguis
927 520 1062 561 micat
1080 529 1155 560 ore
1173 518 1379 560 trisulcis.

304 591 563 631 Morborum
581 600 757 642 quoque
776 592 817 631 te
832 600 982 631 causas
999 593 1042 629 et
1061 590 1184 642 signa
1203 587 1388 631 docebo.

252 661 409 713 ‘turpis
427 670 530 702 oves
547 662 691 701 vtentat
708 660 876 701 scabies
896 690 904 703 ,
926 660 1001 700 ubi
1021 657 1204 712 frigidus
1222 658 1362 700 imber

253 730 394 772 Altius
411 728 466 772 ad
484 731 637 773 vivum
656 728 871 783 persedit,
893 732 937 769 et
953 729 1133 770 horrida
1150 738 1262 769 cano

252 803 415 841 Bruma
431 801 532 852 gelu
546 815 557 846 ;
573 800 643 841 vel
662 810 800 853 quum
818 799 953 840 tonsis
971 799 1118 840 illotus
1136 797 1316 838 adhaesit

252 869 410 913 Sudor,
430 874 475 910 et
494 869 649 910 hirsuti
669 872 907 911 secuerunt
921 879 1108 923 corpora
1126 879 1298 921 vepres.

254 939 464 980 Dulcibus
483 938 649 981 ideirco
668 937 811 980 fluviis
829 949 964 991 pecus
982 948 1113 979 omne
1129 936 1326 989 magistri

254 1006 557 1054 Perfundunt‚
583 1008 770 1060 udisque
792 1008 904 1049 aries
919 1009 966 1048 in
984 1008 1158 1060 gurgite
1176 1006 1293 1047 villis

254 1081 483 1127 mersatur,
506 1079 749 1130 missusque
765 1077 960 1119 secundo
981 1074 1135 1118 defluit
1150 1075 1267 1116 anmi
1280 1091 1290 1122 3

251 1149 339 1187 Aut
359 1151 536 1188 tonsum
558 1147 667 1187 tristi
680 1147 950 1197 contingunt
966 1156 1127 1199 corpus
1146 1156 1324 1187 amurca
1345 1175 1352 1190 .

251 1217 304 1256 Et
318 1227 494 1269 spumas
513 1217 699 1258 miscent
719 1216 912 1268 argenti,
933 1215 1121 1268 vivaque
1139 1214 1332 1261 sulfura,

248 1285 473 1338 Idaeasque
492 1287 634 1339 pices,
659 1289 703 1327 et
717 1286 902 1338 pingues
916 1286 1116 1336 unguine
1135 1296 1257 1327 ceras
1275 1317 1284 1332 ‚

249 1353 537 1406 scillamque,
561 1354 864 1407 elleborosque
883 1364 1053 1406 graves,
1074 1355 1340 1405 nigrumque
1350 1353 1569 1393 bitumen.

251 1424 353 1463 Non
370 1426 519 1471 tamen
536 1424 624 1465 ulla
642 1424 780 1476 magis
810 1434 1001 1475 praesens
1033 1423 1214 1464 fortuna
1231 1423 1432 1464 laborum
1446 1427 1536 1468 est,

250 1495 391 1542 Quam
407 1494 442 1534 si
459 1493 556 1546 quis
572 1492 688 1535 ferro
704 1495 851 1547 potnit
865 1492 1115 1535 rescindere
1132 1504 1354 1535 summum

251 1561 418 1604 Ulceris
445 1574 508 1605 os.
527 1562 673 1603 Alitur
688 1563 845 1603 vitium
866 1594 874 1611 ‚
893 1563 1089 1614 vivitque
1111 1560 1328 1613 tegend03

253 1631 370 1672 Dum
388 1630 580 1673 medicas
595 1629 802 1673 adhibere
818 1642 972 1672 manus
988 1630 1043 1672 ad
1061 1630 1245 1672 vulnera
1260 1632 1409 1684 pastor

253 1699 476 1752 Abnegat,
500 1701 576 1743 aut
589 1700 773 1741 meliora
793 1698 898 1741 deos
914 1698 1037 1742 sedet
1061 1699 1213 1740 omina
1232 1709 1436 1751 poscens.

251 1768 370 1817 Quin
388 1768 544 1816 etiam,
564 1767 653 1808 ima
670 1767 802 1808 dolor
820 1768 1047 1809 balantum
1063 1767 1208 1820 lapsus
1229 1765 1285 1808 ad
1306 1776 1401 1807 ossa

253 1838 401 1885 Quum
422 1835 528 1878 furit
546 1869 555 1885 ,
574 1841 705 1890 atque
727 1840 847 1879 artus
864 1836 1116 1891 depascitur
1139 1835 1260 1877 arida
1279 1835 1431 1882 febris,

255 1906 428 1948 Profuit
445 1907 643 1949 insensos
663 1910 792 1948 aestus
811 1909 1033 1954 avertere,
1056 1910 1100 1948 et
1117 1906 1235 1948 inter

253 1980 346 2019 Ima
364 1977 496 2019 ferire
513 1978 638 2030 pedis
660 1978 891 2019 salientem
906 1978 1122 2028 sanguine
1140 1986 1322 2018 venam:

257 2047 427 2089 Bisaltae
443 2059 532 2100 quo
552 2059 676 2089 more
695 2048 837 2089 solent
855 2076 864 2093 ‚
883 2057 1071 2099 acerque
1094 2046 1313 2094 Gelonus,

259 2119 407 2166 Quum
423 2115 536 2170 fugit
549 2116 859 2170 inRhodopen
876 2149 886 2168 ,
909 2120 1038 2168 atque
1052 2117 1099 2157 in
1119 2116 1291 2159 deserta
1310 2118 1520 2159 Getarum
1538 2148 1545 2162 ,

255 2190 309 2228 Et
326 2187 394 2230 lac
412 2189 673 2229 concretum
688 2198 791 2229 cum
807 2188 1024 2239 sanguine
1034 2190 1159 2241 potat
1177 2188 1357 2241 equino.

306 2260 448 2307 Quam
465 2258 621 2310 procul
639 2260 714 2299 aut
731 2258 854 2299 molli
873 2257 1110 2300 succedere
1126 2259 1284 2310 saepius
1304 2256 1471 2299 umbrae

254 2327 419 2371 videris
437 2360 446 2377 ,
469 2329 545 2370 aut
560 2339 753 2370 summas
769 2329 1027 2381 carpentem
1043 2328 1247 2381 ignavius
1262 2328 1418 2371 herbas
1434 2360 1442 2375 ,

253 2400 595 2452 Extremamque
610 2399 756 2451 sequi,
780 2401 855 2440 aut
873 2396 1021 2441 medio
1039 2400 1337 2454 procumbere
1355 2409 1511 2451 eampo

254 2469 533 2517 Pascentem,
555 2469 600 2510 et
615 2479 722 2510 scrae
741 2468 878 2510 solam
894 2467 1109 2512 decedere
1129 2467 1248 2510 nocti
1273 2485 1282 2508 ;
