1917 2942
333 312 409 349 56ss
849 315 1107 355 AENEIDOS
1558 320 1634 359 397

330 397 503 438 Fraude
518 396 602 438 loci
624 402 667 440 et
686 399 827 441 noctis
847 431 855 446 .
879 401 1023 442 subito
1039 402 1245 445 turbante
1262 404 1451 444 tumultu
1468 437 1477 448 .

332 468 602 517 Oppressum
622 467 738 518 rapit
751 470 795 509 et
810 473 1044 510 conanum
1069 471 1259 523 plurima
1276 471 1455 514 frustra.

332 534 450 584 Quid
469 534 629 577 faciat?
643 548 729 589 qua
750 538 792 578 vi
806 539 1040 589 juvenem,
1059 541 1216 593 quibus
1230 541 1389 585 audeat
1405 543 1536 584 armis

331 605 545 659 Eripere?
560 616 614 646 an
628 618 721 648 sese
736 607 903 650 medios
918 610 1156 652 moriturus
1171 611 1217 651 in
1239 623 1362 655 enses

333 674 521 722 luserat,
540 679 584 718 et
599 676 826 729 pulchram
843 683 1051 733 properet
1070 691 1147 734 per
1166 682 1351 724 vulnera
1366 686 1553 725 mortem
1570 686 1591 722 Ρ

335 747 480 797 ocyus
500 746 693 789 adducto
714 751 922 799 torquens
940 748 1097 792 hastile
1118 751 1303 799 lacerto,

338 815 590 867 suspiciens
608 816 739 858 altam
760 817 910 858 lunam
928 850 937 864 ,
959 820 1022 859 sic
1038 829 1147 861 voce
1167 823 1373 872 precatur
1393 833 1403 855 ε

347 898 363 918 u
385 887 474 934 Tu,
493 885 574 928 dea
590 915 600 932 ‚
624 889 669 927 tu
690 897 880 940 praesens
898 891 1053 930 nostro
1070 899 1278 932 succurre
1300 889 1439 932 labori
1458 920 1468 934 ‚

341 957 575 995 :istrorum
595 954 730 998 decus
747 989 757 1004 ,
779 959 824 999 et
837 967 1071 999 nemorum
1092 960 1276 1000 Latonia
1295 961 1467 1006 cust0s;

342 1022 385 1062 Si
402 1034 488 1076 qua
504 1025 590 1066 tuis
609 1036 802 1078 unquam
825 1036 904 1077 pro
921 1037 993 1067 me
1008 1031 1133 1080 pater
1151 1031 1367 1078 Hyrtacus
1382 1029 1469 1069 aris

344 1093 471 1133 Dona
496 1094 616 1135 tulit.
639 1096 675 1136 si
694 1106 780 1147 qua
801 1096 894 1148 ipse
908 1097 1016 1138 meis
1036 1096 1267 1139 venatibus
1286 1098 1412 1145 auxi,

344 1162 618 1216 suspendive
636 1164 760 1206 tholo
778 1196 786 1208 .
808 1167 884 1207 aut
902 1177 1025 1208 sacra
1038 1166 1093 1208 ad
1110 1165 1277 1219 fastigia
1290 1165 1363 1207 fixi
1380 1178 1392 1207 ε

347 1233 479 1275 Hunc
493 1232 587 1275 sine
607 1246 678 1276 me
692 1234 870 1276 turbare
886 1236 1084 1288 globum,
1102 1239 1146 1278 et
1159 1246 1261 1289 rege
1279 1236 1364 1278 tela
1381 1249 1460 1290 per
1474 1247 1616 1278 auras.
1634 1252 1652 1272 ι)

400 1302 576 1346 Dixerat
597 1320 607 1343 :
628 1306 672 1347 et
690 1307 785 1347 toto
805 1307 1020 1348 connixus
1046 1316 1235 1359 corpore
1255 1304 1419 1348 serrum

349 1372 552 1422 conjicit.
571 1375 708 1415 Hasta
729 1375 884 1416 volans
901 1375 1042 1416 noctis
1058 1374 1309 1417 diverberat
1321 1375 1497 1417 umbras
1515 1406 1525 1425 ‚

349 1443 403 1482 Et
416 1442 544 1484 *venit
560 1444 703 1485 aversi.
719 1446 761 1483 in
783 1448 956 1497 tergum
973 1444 1213 1490 Sulmonis,
1233 1444 1380 1497 ibique

350 1511 603 1563 Frangitur,
623 1523 673 1553 ac
691 1511 791 1553 lisso
804 1513 964 1553 transit
985 1512 1230 1566 praecordia
1245 1512 1383 1564 ligno.

353 1579 530 1621 Volvitu
540 1593 558 1620 r
575 1580 650 1623 ille
670 1591 854 1623 vomens
873 1582 1066 1623 calidum
1088 1581 1142 1624 de
1158 1585 1338 1635 pectore
1355 1581 1520 1624 flumen

352 1648 556 1700 Frigidus
574 1681 581 1694 ‚
604 1652 648 1692 et
664 1649 806 1701 longis
821 1650 1082 1703 singultibus
1097 1651 1169 1692 ilia
1190 1651 1348 1704 pulsat.

355 1718 526 1760 Diversi
545 1719 922 1772 circumspiciunt.
942 1722 1038 1761 Hoc
1057 1720 1200 1760 acrior
1213 1719 1334 1761 idem

355 1789 471 1830 Ecce
491 1787 609 1829 aliud
628 1798 800 1829 summa
821 1789 957 1828 telum
975 1788 1164 1830 librabat
1180 1788 1232 1829 ab
1248 1799 1376 1834 aure3

358 1859 471 1897 Dum
489 1856 736 1910 trepidant,
761 1856 947 1899 iithasta
961 1861 1081 1910 Tago
1107 1868 1183 1911 per
1200 1861 1370 1912 tempus
1389 1862 1625 1911 utrumque

358 1927 576 1974 Stridens,
605 1930 878 1981 trajectoque
899 1928 1026 1971 haesit
1048 1926 1262 1981 tepefacta
1281 1928 1486 1970 cerebro.

359 1998 490 2039 saevit
509 2000 633 2040 atrox
648 1997 879 2046 VoIscens,
899 2009 980 2039 nec
1002 1998 1073 2040 teli
1093 1997 1309 2052 conspicit
1326 2009 1513 2052 usquam

361 2070 604 2109 Auctorem
619 2099 629 2115 ‚
652 2079 733 2111 nec
753 2079 841 2122 quo
860 2080 907 2111 se
926 2068 1085 2110 ardens
1104 2068 1344 2110 immittere
1358 2068 1507 2122 possit.

364 2155 382 2177 a
404 2142 467 2179 Tu
489 2141 636 2182 tamen
652 2139 822 2183 interea
840 2140 986 2182 calido
1003 2138 1111 2181 mihi
1131 2140 1344 2191 sanguine
1362 2149 1515 2192 poenas

363 2209 592 2252 persolves
610 2210 870 2256 amborum,
894 2209 1080 2263 iuquit.»
1102 2209 1240 2250 Simul
1258 2221 1361 2252 ense
1380 2209 1553 2251 recluso

362 2278 458 2320 Ibat
475 2279 522 2321 in
541 2280 795 2331 Euryalum.
813 2281 926 2321 Turn
941 2290 1048 2321 vero
1064 2279 1297 2322 exterritus
1311 2310 1321 2326 ,
1340 2289 1512 2325 amens,

363 2349 619 2392 conclamat
638 2350 673 2389 N
680 2350 791 2398 isus;
810 2359 894 2391 nec
907 2359 953 2391 se
974 2348 1116 2391 celare
1132 2347 1322 2390 tenebris

316 2451 319 2454 .
367 2419 588 2474 Amplius,
613 2421 688 2460 aut
703 2421 875 2460 tantum
893 2418 1039 2472 potuit
1053 2415 1247 2471 perferre
1264 2416 1462 2458 dolorem
1482 2432 1495 2455 2
