1917 2942
341 298 417 337 262
864 297 1118 337 AENEIDOS
1563 298 1642 336 057

342 383 559 427 Ardentes
579 383 683 425 dare
705 383 792 424 visa
811 380 944 425 faces.
962 383 1045 424 I-lic
1066 382 1247 435 quaerite
1267 383 1465 432 Trojam;

343 452 426 494 Hic
441 452 596 494 domus
611 453 691 501 est,
716 451 875 504 inquit,
894 451 1033 493 vobis.
1053 453 1077 490 J
1082 460 1152 491 am
1170 450 1340 504 tempus
1356 450 1423 502 agi
1441 460 1509 491 res
1525 465 1535 496 ;

343 524 436 565 Nec
455 523 585 564 tantis
599 532 723 564 mora
742 521 970 576 prodigiis.
989 523 1058 561 En
1078 522 1266 573 quatuor
1285 530 1369 561 arae

342 593 549 646 Neptuno
569 608 578 631 :
597 595 712 633 Deus
730 591 825 645 ipse
843 589 955 633 faces
972 588 1258 642 animumque
1277 588 1511 630 ministrat.
1530 602 1546 626 n

396 664 503 704 Haec
517 671 784 706 memorans,
806 660 950 713 prima
968 657 1191 701 infensum
1211 662 1254 699 vi
1280 657 1465 711 corripit
1483 657 1646 711 ignem,

343 730 608 784 sublataque
626 729 782 783 procul
799 728 952 770 dextra
969 729 1156 770 connixa
1171 731 1388 773 coruscat,

344 803 398 841 Et
412 801 536 852 jacit.
553 799 754 842 Adrectae
774 802 961 847 menteS,
985 797 1314 853 stupefactaque
1331 797 1467 840 corda

343 870 548 912 Iliadum.
571 872 652 914 Hic
667 882 756 912 una
771 882 795 913 e
810 871 976 922 multis,
998 881 1094 924 quaa
1112 870 1301 911 maxima
1318 870 1441 913 natu,

348 943 510 993 Pyrgo‚
529 941 597 981 tot
611 939 776 981 Priami
795 941 1004 980 natorum
1022 938 1142 990 regia
1160 937 1309 979 nutrix
1329 950 1337 973 τ

350 1026 366 1048 α
386 1013 485 1052 Non
497 1009 636 1052 Beroe
654 1008 792 1055 vobis,
813 1019 908 1050 non
925 1009 1022 1051 haec
1037 1007 1248 1053 Rhoete'ia‚
1267 1008 1441 1053 matres,

349 1080 424 1120 Est
439 1078 620 1131 Dorycli
638 1079 813 1130 conjux.
834 1078 982 1119 Divini
997 1080 1123 1129 signa
1137 1075 1308 1119 decoris

350 1147 652 1202 Ardentesque
671 1150 824 1190 notate
843 1149 995 1189 oculos
1011 1164 1021 1197 3
1042 1148 1112 1201 qui
1129 1147 1307 1200 spiritus
1322 1147 1404 1197 illi,

351 1217 435 1266 Qui
450 1217 611 1265 vultus,
631 1218 810 1259 vocisve
830 1227 981 1264 sonus,
999 1216 1068 1259 vel
1086 1227 1255 1269 gressus
1269 1215 1406 1258 eunti.

349 1288 449 1340 Ipsa
464 1289 639 1338 egomet
658 1285 826 1326 dudum
839 1285 1013 1328 Beroen
1028 1285 1218 1337 digressa
1231 1285 1389 1338 reliqui

352 1356 538 1406 AEgram‚
556 1351 863 1405 indignantem
883 1352 955 1394 tali
973 1352 1095 1406 quod
1113 1353 1204 1394 sola
1220 1354 1390 1394 careret

351 1425 549 1470 Munere,
570 1433 653 1464 nee
669 1422 850 1464 meritos
871 1422 1074 1465 Anchisae
1093 1421 1276 1464 inferret
1293 1422 1500 1464 honores
1520 1437 1536 1458 »

353 1493 460 1535 Haec
478 1491 623 1534 effata.

406 1562 465 1602 At
482 1565 645 1604 matres
664 1562 826 1614 primo,
848 1562 1076 1617 ancipites,
1097 1561 1324 1615 oculisque
1342 1559 1546 1613 malignis

356 1632 598 1684 Ambiguae,
616 1634 816 1685 spectare
836 1634 966 1681 rates²
984 1633 1194 1674 miserum
1214 1633 1330 1673 inter
1344 1641 1539 1673 amorem

355 1702 592 1746 Praesentis
617 1706 758 1750 terrae,
783 1702 972 1756 fatisque
986 1703 1191 1746 vocantia
1208 1713 1371 1755 regna:

354 1775 501 1822 Quum
521 1771 602 1813 dea
620 1783 666 1814 se
686 1773 865 1826 paribus
882 1783 961 1825 per
978 1772 1138 1814 coelum
1159 1771 1332 1813 sustulit
1348 1771 1441 1818 alis,

354 1845 679 1895 ingentemque
698 1841 800 1894 suga
816 1843 955 1884 secuit
974 1841 1053 1883 sub
1074 1841 1266 1883 nubibus
1285 1851 1455 1882 arcum.

353 1914 462 1952 Tum
479 1921 586 1953 vero
607 1911 818 1953 adtonitae
835 1911 1064 1960 monstris,
1088 1913 1282 1964 actaeque
1302 1909 1466 1956 furore,

353 1982 663 2030 Conclamant,
683 1982 949 2036 rapiuntque
972 1980 1082 2023 focis
1099 1982 1398 2036 penetralibus
1414 1981 1580 2033 ignem3

353 2053 460 2092 Pars
476 2050 669 2104 spoliant
688 2062 797 2096 aras,
830 2049 1033 2092 frondem
1059 2062 1109 2093 ac
1130 2050 1326 2103 virgulta
1343 2049 1545 2103 facesque

355 2120 624 2172 conjiciunt.
649 2122 773 2162 Furit
793 2120 998 2162 immissis
1012 2120 1234 2162 Vulcanus
1249 2119 1432 2163 habenis

355 2193 566 2232 Transtra
589 2202 671 2245 per
690 2195 735 2235 et
753 2202 915 2241 remos,
940 2193 984 2234 et
1003 2191 1141 2245 pictas
1162 2190 1304 2234 abiete
1324 2202 1509 2244 puppes.

410 2261 602 2303 Nuntius
620 2261 823 2303 Anchisae
838 2260 894 2304 ad
910 2261 1144 2307 tumulum,
1164 2271 1416 2314 cuneosque
1433 2260 1588 2303 theatri

356 2335 560 2374 incensas
577 2331 742 2386 persei-t
759 2344 892 2375 naves
910 2331 1140 2379 Eumelus;
1159 2335 1203 2374 et
1223 2331 1303 2385 ipsi

305 2461 307 2463 q
359 2402 620 2456 Respiciunt
640 2404 777 2445 atram
798 2402 842 2445 in
859 2402 1011 2445 nimbo
1029 2402 1212 2445 volitare
1231 2400 1434 2445 favillam.
