<?xml version="1.0" encoding="UTF-8"?>
<!DOCTYPE html PUBLIC "-//W3C//DTD XHTML 1.0 Transitional//EN"
    "http://www.w3.org/TR/xhtml1/DTD/xhtml1-transitional.dtd">
<html xmlns="http://www.w3.org/1999/xhtml" xml:lang="en" lang="en">
 <head>
  <title>
</title>
<meta http-equiv="Content-Type" content="text/html;charset=utf-8" />
  <meta name='ocr-system' content='tesseract 3.04.00' />
  <meta name='ocr-capabilities' content='ocr_page ocr_carea ocr_par ocr_line ocrx_word'/>
</head>
<body>
  <div class='ocr_page' id='page_1' title='image "./publiivirgiliim01unkngoog/publiivirgiliim01unkngoog_0085.png"; bbox 0 0 1917 2942; ppageno 0'>
   <div class='ocr_carea' id='block_1_1' title="bbox 244 336 1541 404">
    <p class='ocr_par' dir='ltr' id='par_1_1' title="bbox 244 336 1541 404">
     <span class='ocr_line' id='line_1_1' title="bbox 244 336 1541 404; baseline 0.008 -12"><span class='ocrx_word' id='word_1_1' title='bbox 244 354 319 395; x_wconf 73' lang='lat' dir='ltr'>ies</span> <span class='ocrx_word' id='word_1_2' title='bbox 677 336 680 341; x_wconf 72' lang='grc'><em>’</em></span> <span class='ocrx_word' id='word_1_3' title='bbox 768 356 932 397; x_wconf 81' lang='lat' dir='ltr'>LlssER</span> <span class='ocrx_word' id='word_1_4' title='bbox 962 359 1013 399; x_wconf 88' lang='lat' dir='ltr'>n.</span> <span class='ocrx_word' id='word_1_5' title='bbox 1495 365 1541 404; x_wconf 74' lang='lat' dir='ltr'>su</span> 
     </span>
    </p>
   </div>
   <div class='ocr_carea' id='block_1_2' title="bbox 235 440 1589 2518">
    <p class='ocr_par' dir='ltr' id='par_1_2' title="bbox 235 440 1478 1057">
     <span class='ocr_line' id='line_1_2' title="bbox 237 440 1474 501; baseline 0.011 -23"><span class='ocrx_word' id='word_1_6' title='bbox 237 440 571 491; x_wconf 74' lang='lat' dir='ltr'>Adsuetamque</span> <span class='ocrx_word' id='word_1_7' title='bbox 589 441 706 483; x_wconf 85' lang='lat' dir='ltr'>malo</span> <span class='ocrx_word' id='word_1_8' title='bbox 727 443 930 494; x_wconf 79' lang='lat' dir='ltr'>Ligurem</span> <span class='ocrx_word' id='word_1_9' title='bbox 947 475 957 492; x_wconf 91' lang='lat'>‚</span> <span class='ocrx_word' id='word_1_10' title='bbox 980 447 1244 501; x_wconf 81' lang='lat' dir='ltr'><strong>Volscosque</strong></span> <span class='ocrx_word' id='word_1_11' title='bbox 1273 451 1474 498; x_wconf 79' lang='lat' dir='ltr'>verutos,</span> 
     </span>
     <span class='ocr_line' id='line_1_3' title="bbox 236 509 1478 569; baseline 0.01 -21"><span class='ocrx_word' id='word_1_12' title='bbox 236 509 418 556; x_wconf 79' lang='lat' dir='ltr'>Extulit3</span> <span class='ocrx_word' id='word_1_13' title='bbox 442 509 533 553; x_wconf 79' lang='lat' dir='ltr'>haec</span> <span class='ocrx_word' id='word_1_14' title='bbox 552 511 706 552; x_wconf 84' lang='lat' dir='ltr'><strong>Decios</strong></span> <span class='ocrx_word' id='word_1_15' title='bbox 720 541 730 558; x_wconf 93' lang='lat'>‚</span> <span class='ocrx_word' id='word_1_16' title='bbox 752 512 933 562; x_wconf 83' lang='lat' dir='ltr'>Marios,</span> <span class='ocrx_word' id='word_1_17' title='bbox 956 524 1228 569; x_wconf 80' lang='lat' dir='ltr'>magnosque</span> <span class='ocrx_word' id='word_1_18' title='bbox 1248 519 1478 562; x_wconf 86' lang='lat' dir='ltr'>Camillos.</span> 
     </span>
     <span class='ocr_line' id='line_1_4' title="bbox 235 577 1300 633; baseline 0.008 -14"><span class='ocrx_word' id='word_1_19' title='bbox 235 577 458 630; x_wconf 72' lang='lat' dir='ltr'>scipiadas</span> <span class='ocrx_word' id='word_1_20' title='bbox 473 579 609 621; x_wconf 83' lang='lat' dir='ltr'>duros</span> <span class='ocrx_word' id='word_1_21' title='bbox 626 580 761 628; x_wconf 79' lang='lat' dir='ltr'>belle,</span> <span class='ocrx_word' id='word_1_22' title='bbox 788 584 832 624; x_wconf 89' lang='lat' dir='ltr'>et</span> <span class='ocrx_word' id='word_1_23' title='bbox 851 582 917 630; x_wconf 84' lang='lat' dir='ltr'>te,</span> <span class='ocrx_word' id='word_1_24' title='bbox 937 584 1125 627; x_wconf 81' lang='lat' dir='ltr'>maxime</span> <span class='ocrx_word' id='word_1_25' title='bbox 1143 589 1300 633; x_wconf 60' lang='lat' dir='ltr'>Caesar,</span> 
     </span>
     <span class='ocr_line' id='line_1_5' title="bbox 238 648 1272 704; baseline 0.005 -13"><span class='ocrx_word' id='word_1_26' title='bbox 238 648 321 700; x_wconf 82' lang='lat' dir='ltr'>Qui</span> <span class='ocrx_word' id='word_1_27' title='bbox 338 660 458 690; x_wconf 88' lang='lat' dir='ltr'>nunc</span> <span class='ocrx_word' id='word_1_28' title='bbox 475 649 679 690; x_wconf 75' lang='lat' dir='ltr'>extremis</span> <span class='ocrx_word' id='word_1_29' title='bbox 701 651 812 692; x_wconf 79' lang='lat' dir='ltr'>Asiae</span> <span class='ocrx_word' id='word_1_30' title='bbox 823 652 915 701; x_wconf 86' lang='lat' dir='ltr'>jam</span> <span class='ocrx_word' id='word_1_31' title='bbox 934 652 1076 695; x_wconf 82' lang='lat' dir='ltr'>victor</span> <span class='ocrx_word' id='word_1_32' title='bbox 1095 654 1143 694; x_wconf 90' lang='lat' dir='ltr'>in</span> <span class='ocrx_word' id='word_1_33' title='bbox 1159 656 1248 696; x_wconf 86' lang='lat' dir='ltr'>eris</span> <span class='ocrx_word' id='word_1_34' title='bbox 1262 688 1272 704; x_wconf 85' lang='lat'>‚</span> 
     </span>
     <span class='ocr_line' id='line_1_6' title="bbox 238 718 1256 766; baseline 0.006 -6"><span class='ocrx_word' id='word_1_35' title='bbox 238 718 465 761; x_wconf 74' lang='lat' dir='ltr'>imbellem</span> <span class='ocrx_word' id='word_1_36' title='bbox 486 720 646 761; x_wconf 87' lang='lat' dir='ltr'>avertis</span> <span class='ocrx_word' id='word_1_37' title='bbox 661 722 874 762; x_wconf 85' lang='lat' dir='ltr'>Romanis</span> <span class='ocrx_word' id='word_1_38' title='bbox 889 723 1062 765; x_wconf 81' lang='lat' dir='ltr'>arcibus</span> <span class='ocrx_word' id='word_1_39' title='bbox 1081 724 1256 766; x_wconf 85' lang='lat' dir='ltr'><strong>Indum.</strong></span> 
     </span>
     <span class='ocr_line' id='line_1_7' title="bbox 238 786 1361 841; baseline 0.006 -14"><span class='ocrx_word' id='word_1_40' title='bbox 238 786 386 834; x_wconf 83' lang='lat' dir='ltr'>Salve,</span> <span class='ocrx_word' id='word_1_41' title='bbox 406 797 567 841; x_wconf 79' lang='lat' dir='ltr'>magna</span> <span class='ocrx_word' id='word_1_42' title='bbox 582 798 742 841; x_wconf 79' lang='lat' dir='ltr'>parens</span> <span class='ocrx_word' id='word_1_43' title='bbox 759 788 959 841; x_wconf 71' lang='lat' dir='ltr'>frugum,</span> <span class='ocrx_word' id='word_1_44' title='bbox 982 792 1185 832; x_wconf 84' lang='lat' dir='ltr'>Saturnia</span> <span class='ocrx_word' id='word_1_45' title='bbox 1203 792 1332 834; x_wconf 87' lang='lat' dir='ltr'>tellus</span> <span class='ocrx_word' id='word_1_46' title='bbox 1352 823 1361 839; x_wconf 84' lang='lat'>,</span> 
     </span>
     <span class='ocr_line' id='line_1_8' title="bbox 240 856 1320 911; baseline 0.005 -13"><span class='ocrx_word' id='word_1_47' title='bbox 240 860 396 909; x_wconf 78' lang='lat' dir='ltr'>Magna</span> <span class='ocrx_word' id='word_1_48' title='bbox 410 856 557 897; x_wconf 85' lang='lat' dir='ltr'>virum</span> <span class='ocrx_word' id='word_1_49' title='bbox 576 872 586 896; x_wconf 71' lang='grc' dir='ltr'><strong><em>ε</em></strong></span> <span class='ocrx_word' id='word_1_50' title='bbox 603 856 680 897; x_wconf 79' lang='lat' dir='ltr'>tibi</span> <span class='ocrx_word' id='word_1_51' title='bbox 700 869 766 899; x_wconf 84' lang='lat' dir='ltr'>res</span> <span class='ocrx_word' id='word_1_52' title='bbox 786 859 978 911; x_wconf 67' lang='lat' dir='ltr'>antiquae</span> <span class='ocrx_word' id='word_1_53' title='bbox 996 859 1138 902; x_wconf 88' lang='lat' dir='ltr'>laudis</span> <span class='ocrx_word' id='word_1_54' title='bbox 1154 864 1198 902; x_wconf 90' lang='lat' dir='ltr'>et</span> <span class='ocrx_word' id='word_1_55' title='bbox 1216 863 1320 904; x_wconf 84' lang='lat' dir='ltr'>artis</span> 
     </span>
     <span class='ocr_line' id='line_1_9' title="bbox 238 927 1262 980; baseline 0.004 -11"><span class='ocrx_word' id='word_1_56' title='bbox 238 927 483 980; x_wconf 78' lang='lat' dir='ltr'>Ingredi0r‚</span> <span class='ocrx_word' id='word_1_57' title='bbox 510 931 684 970; x_wconf 86' lang='lat' dir='ltr'>sanctos</span> <span class='ocrx_word' id='word_1_58' title='bbox 701 940 829 971; x_wconf 83' lang='lat' dir='ltr'>ausus</span> <span class='ocrx_word' id='word_1_59' title='bbox 845 929 1074 973; x_wconf 78' lang='lat' dir='ltr'>recludere</span> <span class='ocrx_word' id='word_1_60' title='bbox 1096 928 1235 973; x_wconf 80' lang='lat' dir='ltr'>fontes</span> <span class='ocrx_word' id='word_1_61' title='bbox 1252 962 1262 979; x_wconf 91' lang='lat'><em>,</em></span> 
     </span>
     <span class='ocr_line' id='line_1_10' title="bbox 241 1002 1394 1057; baseline 0.003 -17"><span class='ocrx_word' id='word_1_62' title='bbox 241 1003 551 1052; x_wconf 77' lang='lat' dir='ltr'>Ascraeumque</span> <span class='ocrx_word' id='word_1_63' title='bbox 572 1010 684 1042; x_wconf 82' lang='lat' dir='ltr'>cano</span> <span class='ocrx_word' id='word_1_64' title='bbox 702 1003 901 1042; x_wconf 82' lang='lat' dir='ltr'>Romana</span> <span class='ocrx_word' id='word_1_65' title='bbox 918 1013 999 1054; x_wconf 83' lang='lat' dir='ltr'>per</span> <span class='ocrx_word' id='word_1_66' title='bbox 1019 1002 1184 1057; x_wconf 87' lang='lat' dir='ltr'>oppida</span> <span class='ocrx_word' id='word_1_67' title='bbox 1201 1015 1394 1047; x_wconf 81' lang='lat' dir='ltr'>carmen.</span> 
     </span>
    </p>

    <p class='ocr_par' dir='ltr' id='par_1_3' title="bbox 236 1071 1589 2306">
     <span class='ocr_line' id='line_1_11' title="bbox 292 1071 1553 1127; baseline 0.006 -17"><span class='ocrx_word' id='word_1_68' title='bbox 292 1072 421 1112; x_wconf 87' lang='lat' dir='ltr'>Nunc</span> <span class='ocrx_word' id='word_1_69' title='bbox 441 1072 562 1112; x_wconf 87' lang='lat' dir='ltr'>locus</span> <span class='ocrx_word' id='word_1_70' title='bbox 593 1081 801 1112; x_wconf 78' lang='lat' dir='ltr'>arvorum</span> <span class='ocrx_word' id='word_1_71' title='bbox 832 1071 1048 1124; x_wconf 78' lang='lat' dir='ltr'>ingeniis:</span> <span class='ocrx_word' id='word_1_72' title='bbox 1070 1085 1167 1127; x_wconf 78' lang='lat' dir='ltr'>quae</span> <span class='ocrx_word' id='word_1_73' title='bbox 1187 1074 1349 1115; x_wconf 87' lang='lat' dir='ltr'>robora</span> <span class='ocrx_word' id='word_1_74' title='bbox 1367 1074 1524 1127; x_wconf 78' lang='lat' dir='ltr'>cuique</span> <span class='ocrx_word' id='word_1_75' title='bbox 1542 1106 1553 1124; x_wconf 85' lang='lat'>,</span> 
     </span>
     <span class='ocr_line' id='line_1_12' title="bbox 238 1130 1589 1197; baseline 0.002 -16"><span class='ocrx_word' id='word_1_76' title='bbox 238 1141 342 1189; x_wconf 84' lang='lat' dir='ltr'>Quis</span> <span class='ocrx_word' id='word_1_77' title='bbox 361 1140 498 1188; x_wconf 86' lang='lat' dir='ltr'>color,</span> <span class='ocrx_word' id='word_1_78' title='bbox 523 1143 565 1182; x_wconf 89' lang='lat' dir='ltr'>et</span> <span class='ocrx_word' id='word_1_79' title='bbox 584 1150 678 1193; x_wconf 82' lang='lat' dir='ltr'>quae</span> <span class='ocrx_word' id='word_1_80' title='bbox 695 1140 751 1181; x_wconf 86' lang='lat' dir='ltr'>sit</span> <span class='ocrx_word' id='word_1_81' title='bbox 764 1141 894 1183; x_wconf 87' lang='lat' dir='ltr'>rebus</span> <span class='ocrx_word' id='word_1_82' title='bbox 914 1144 1075 1183; x_wconf 82' lang='lat' dir='ltr'>natura</span> <span class='ocrx_word' id='word_1_83' title='bbox 1091 1142 1301 1197; x_wconf 74' lang='lat' dir='ltr'>ferendis.</span> <span class='ocrx_word' id='word_1_84' title='bbox 1588 1130 1589 1133; x_wconf 9' lang='grc' dir='ltr'><strong>Ἴ</strong></span> 
     </span>
     <span class='ocr_line' id='line_1_13' title="bbox 239 1209 1281 1266; baseline 0.006 -18"><span class='ocrx_word' id='word_1_85' title='bbox 239 1209 443 1253; x_wconf 80' lang='lat' dir='ltr'>Difficiles</span> <span class='ocrx_word' id='word_1_86' title='bbox 459 1210 649 1264; x_wconf 82' lang='lat' dir='ltr'>primum</span> <span class='ocrx_word' id='word_1_87' title='bbox 671 1213 798 1254; x_wconf 61' lang='lat' dir='ltr'>terrae</span> <span class='ocrx_word' id='word_1_88' title='bbox 813 1241 823 1259; x_wconf 84' lang='lat'>,</span> <span class='ocrx_word' id='word_1_89' title='bbox 841 1212 1063 1266; x_wconf 80' lang='lat' dir='ltr'>collesque</span> <span class='ocrx_word' id='word_1_90' title='bbox 1082 1213 1281 1266; x_wconf 77' lang='lat' dir='ltr'>maligni,</span> 
     </span>
     <span class='ocr_line' id='line_1_14' title="bbox 237 1280 1314 1333; baseline 0.005 -13"><span class='ocrx_word' id='word_1_91' title='bbox 237 1280 396 1322; x_wconf 72' lang='lat' dir='ltr'>Tenuis</span> <span class='ocrx_word' id='word_1_92' title='bbox 415 1281 489 1321; x_wconf 89' lang='lat' dir='ltr'>ubi</span> <span class='ocrx_word' id='word_1_93' title='bbox 509 1281 662 1333; x_wconf 82' lang='lat' dir='ltr'>argilla</span> <span class='ocrx_word' id='word_1_94' title='bbox 682 1284 726 1324; x_wconf 87' lang='lat' dir='ltr'>et</span> <span class='ocrx_word' id='word_1_95' title='bbox 746 1280 939 1323; x_wconf 88' lang='lat' dir='ltr'>dumosis</span> <span class='ocrx_word' id='word_1_96' title='bbox 959 1283 1154 1325; x_wconf 84' lang='lat' dir='ltr'>calculus</span> <span class='ocrx_word' id='word_1_97' title='bbox 1174 1283 1289 1325; x_wconf 84' lang='lat' dir='ltr'>arvis</span> <span class='ocrx_word' id='word_1_98' title='bbox 1305 1315 1314 1329; x_wconf 90' lang='lat'>,</span> 
     </span>
     <span class='ocr_line' id='line_1_15' title="bbox 241 1349 1132 1403; baseline 0.003 -14"><span class='ocrx_word' id='word_1_99' title='bbox 241 1349 430 1392; x_wconf 76' lang='lat' dir='ltr'>Palladia</span> <span class='ocrx_word' id='word_1_100' title='bbox 452 1350 648 1403; x_wconf 81' lang='lat' dir='ltr'>gaudent</span> <span class='ocrx_word' id='word_1_101' title='bbox 666 1350 776 1393; x_wconf 83' lang='lat' dir='ltr'>silva</span> <span class='ocrx_word' id='word_1_102' title='bbox 795 1351 962 1393; x_wconf 80' lang='lat' dir='ltr'>vivacis</span> <span class='ocrx_word' id='word_1_103' title='bbox 984 1351 1132 1394; x_wconf 79' lang='lat' dir='ltr'>olivae.</span> 
     </span>
     <span class='ocr_line' id='line_1_16' title="bbox 236 1418 1245 1473; baseline 0.004 -14"><span class='ocrx_word' id='word_1_104' title='bbox 236 1418 405 1461; x_wconf 87' lang='lat' dir='ltr'>Indicio</span> <span class='ocrx_word' id='word_1_105' title='bbox 426 1422 493 1462; x_wconf 87' lang='lat' dir='ltr'>est</span> <span class='ocrx_word' id='word_1_106' title='bbox 523 1424 664 1462; x_wconf 81' lang='lat' dir='ltr'>tractu</span> <span class='ocrx_word' id='word_1_107' title='bbox 679 1432 863 1473; x_wconf 78' lang='lat' dir='ltr'>surgens</span> <span class='ocrx_word' id='word_1_108' title='bbox 881 1423 1068 1464; x_wconf 77' lang='lat' dir='ltr'>oleaster</span> <span class='ocrx_word' id='word_1_109' title='bbox 1084 1421 1245 1465; x_wconf 84' lang='lat' dir='ltr'>eodem</span> 
     </span>
     <span class='ocr_line' id='line_1_17' title="bbox 238 1489 1286 1545; baseline 0.003 -16"><span class='ocrx_word' id='word_1_110' title='bbox 238 1489 460 1531; x_wconf 74' lang='lat' dir='ltr'>PlurImus</span> <span class='ocrx_word' id='word_1_111' title='bbox 479 1521 488 1537; x_wconf 89' lang='lat'>,</span> <span class='ocrx_word' id='word_1_112' title='bbox 511 1492 557 1532; x_wconf 90' lang='lat' dir='ltr'>et</span> <span class='ocrx_word' id='word_1_113' title='bbox 584 1490 706 1531; x_wconf 85' lang='lat' dir='ltr'>strati</span> <span class='ocrx_word' id='word_1_114' title='bbox 725 1489 869 1532; x_wconf 82' lang='lat' dir='ltr'><strong>baccis</strong></span> <span class='ocrx_word' id='word_1_115' title='bbox 885 1491 1157 1533; x_wconf 85' lang='lat' dir='ltr'>silvestribus</span> <span class='ocrx_word' id='word_1_116' title='bbox 1175 1493 1286 1545; x_wconf 86' lang='lat' dir='ltr'>agri.</span> 
     </span>
     <span class='ocr_line' id='line_1_18' title="bbox 238 1560 1357 1615; baseline 0.004 -15"><span class='ocrx_word' id='word_1_117' title='bbox 238 1562 296 1601; x_wconf 90' lang='lat' dir='ltr'>At</span> <span class='ocrx_word' id='word_1_118' title='bbox 311 1572 407 1614; x_wconf 80' lang='lat' dir='ltr'>quae</span> <span class='ocrx_word' id='word_1_119' title='bbox 425 1560 599 1614; x_wconf 79' lang='lat' dir='ltr'>pinguis</span> <span class='ocrx_word' id='word_1_120' title='bbox 613 1560 799 1609; x_wconf 87' lang='lat' dir='ltr'>humus,</span> <span class='ocrx_word' id='word_1_121' title='bbox 819 1561 1026 1615; x_wconf 83' lang='lat' dir='ltr'>dulcique</span> <span class='ocrx_word' id='word_1_122' title='bbox 1044 1563 1214 1615; x_wconf 82' lang='lat' dir='ltr'>uligine</span> <span class='ocrx_word' id='word_1_123' title='bbox 1233 1563 1357 1610; x_wconf 81' lang='lat' dir='ltr'>laeta.</span> 
     </span>
     <span class='ocr_line' id='line_1_19' title="bbox 237 1629 1392 1687; baseline 0.003 -16"><span class='ocrx_word' id='word_1_124' title='bbox 237 1631 410 1684; x_wconf 79' lang='lat' dir='ltr'>Quique</span> <span class='ocrx_word' id='word_1_125' title='bbox 424 1629 628 1684; x_wconf 80' lang='lat' dir='ltr'>frequens</span> <span class='ocrx_word' id='word_1_126' title='bbox 646 1630 794 1673; x_wconf 83' lang='lat' dir='ltr'>herbis</span> <span class='ocrx_word' id='word_1_127' title='bbox 811 1639 854 1675; x_wconf 89' lang='lat' dir='ltr'>et</span> <span class='ocrx_word' id='word_1_128' title='bbox 871 1631 1025 1674; x_wconf 77' lang='lat' dir='ltr'>fertilis</span> <span class='ocrx_word' id='word_1_129' title='bbox 1042 1632 1175 1676; x_wconf 78' lang='lat' dir='ltr'>ubrre</span> <span class='ocrx_word' id='word_1_130' title='bbox 1194 1644 1392 1687; x_wconf 79' lang='lat' dir='ltr'>campus,</span> 
     </span>
     <span class='ocr_line' id='line_1_20' title="bbox 237 1701 1274 1754; baseline 0.003 -13"><span class='ocrx_word' id='word_1_131' title='bbox 237 1701 420 1750; x_wconf 82' lang='lat' dir='ltr'>Qualem</span> <span class='ocrx_word' id='word_1_132' title='bbox 438 1711 552 1754; x_wconf 81' lang='lat' dir='ltr'>saepe</span> <span class='ocrx_word' id='word_1_133' title='bbox 571 1710 679 1742; x_wconf 84' lang='lat' dir='ltr'>cava</span> <span class='ocrx_word' id='word_1_134' title='bbox 693 1701 855 1743; x_wconf 84' lang='lat' dir='ltr'>montis</span> <span class='ocrx_word' id='word_1_135' title='bbox 869 1701 1068 1743; x_wconf 80' lang='lat' dir='ltr'>convalle</span> <span class='ocrx_word' id='word_1_136' title='bbox 1085 1702 1274 1744; x_wconf 88' lang='lat' dir='ltr'>solemus</span> 
     </span>
     <span class='ocr_line' id='line_1_21' title="bbox 243 1771 1448 1826; baseline 0.002 -16"><span class='ocrx_word' id='word_1_137' title='bbox 243 1771 462 1823; x_wconf 76' lang='lat' dir='ltr'>Dispicere</span> <span class='ocrx_word' id='word_1_138' title='bbox 480 1786 491 1814; x_wconf 71' lang='lat' dir='ltr'><strong><em>z</em></strong></span> <span class='ocrx_word' id='word_1_139' title='bbox 506 1771 594 1812; x_wconf 83' lang='lat' dir='ltr'>huc</span> <span class='ocrx_word' id='word_1_140' title='bbox 610 1772 794 1813; x_wconf 79' lang='lat' dir='ltr'>summis</span> <span class='ocrx_word' id='word_1_141' title='bbox 810 1771 1041 1824; x_wconf 81' lang='lat' dir='ltr'>liquuntur</span> <span class='ocrx_word' id='word_1_142' title='bbox 1059 1773 1244 1826; x_wconf 86' lang='lat' dir='ltr'>rupibus</span> <span class='ocrx_word' id='word_1_143' title='bbox 1273 1784 1424 1815; x_wconf 83' lang='lat' dir='ltr'>amnes</span> <span class='ocrx_word' id='word_1_144' title='bbox 1440 1804 1448 1819; x_wconf 84' lang='lat'><strong>,</strong></span> 
     </span>
     <span class='ocr_line' id='line_1_22' title="bbox 242 1840 1473 1895; baseline 0.003 -15"><span class='ocrx_word' id='word_1_145' title='bbox 242 1841 519 1895; x_wconf 77' lang='lat' dir='ltr'>Felicemque</span> <span class='ocrx_word' id='word_1_146' title='bbox 539 1840 721 1883; x_wconf 81' lang='lat' dir='ltr'>trahunt</span> <span class='ocrx_word' id='word_1_147' title='bbox 739 1841 892 1882; x_wconf 77' lang='lat' dir='ltr'>linium</span> <span class='ocrx_word' id='word_1_148' title='bbox 912 1857 923 1890; x_wconf 89' lang='lat'>;</span> <span class='ocrx_word' id='word_1_149' title='bbox 942 1843 1106 1894; x_wconf 83' lang='lat' dir='ltr'>quique</span> <span class='ocrx_word' id='word_1_150' title='bbox 1122 1841 1264 1884; x_wconf 85' lang='lat' dir='ltr'>editus</span> <span class='ocrx_word' id='word_1_151' title='bbox 1285 1845 1447 1884; x_wconf 84' lang='lat' dir='ltr'>Austro</span> <span class='ocrx_word' id='word_1_152' title='bbox 1466 1874 1473 1889; x_wconf 87' lang='lat'><em>,</em></span> 
     </span>
     <span class='ocr_line' id='line_1_23' title="bbox 241 1909 1197 1963; baseline 0 -14"><span class='ocrx_word' id='word_1_153' title='bbox 241 1911 298 1950; x_wconf 87' lang='lat' dir='ltr'>Et</span> <span class='ocrx_word' id='word_1_154' title='bbox 313 1909 472 1953; x_wconf 88' lang='lat' dir='ltr'>filicem</span> <span class='ocrx_word' id='word_1_155' title='bbox 491 1909 635 1952; x_wconf 87' lang='lat' dir='ltr'>curvis</span> <span class='ocrx_word' id='word_1_156' title='bbox 651 1910 838 1951; x_wconf 84' lang='lat' dir='ltr'>invisam</span> <span class='ocrx_word' id='word_1_157' title='bbox 857 1912 998 1963; x_wconf 78' lang='lat' dir='ltr'>pascit</span> <span class='ocrx_word' id='word_1_158' title='bbox 1016 1910 1197 1952; x_wconf 83' lang='lat' dir='ltr'>aratris:</span> 
     </span>
     <span class='ocr_line' id='line_1_24' title="bbox 244 1978 1278 2033; baseline 0.003 -14"><span class='ocrx_word' id='word_1_159' title='bbox 244 1979 327 2021; x_wconf 90' lang='lat' dir='ltr'>Hic</span> <span class='ocrx_word' id='word_1_160' title='bbox 349 1980 425 2020; x_wconf 87' lang='lat' dir='ltr'>tibi</span> <span class='ocrx_word' id='word_1_161' title='bbox 445 1978 702 2033; x_wconf 62' lang='lat' dir='ltr'>praevalidas</span> <span class='ocrx_word' id='word_1_162' title='bbox 722 1980 830 2020; x_wconf 87' lang='lat' dir='ltr'>olim</span> <span class='ocrx_word' id='word_1_163' title='bbox 846 1980 1071 2032; x_wconf 82' lang='lat' dir='ltr'>multoque</span> <span class='ocrx_word' id='word_1_164' title='bbox 1091 1978 1278 2022; x_wconf 87' lang='lat' dir='ltr'>fluentes</span> 
     </span>
     <span class='ocr_line' id='line_1_25' title="bbox 244 2046 1195 2095; baseline 0.001 -7"><span class='ocrx_word' id='word_1_165' title='bbox 244 2046 438 2090; x_wconf 83' lang='lat' dir='ltr'>Sufficiet</span> <span class='ocrx_word' id='word_1_166' title='bbox 459 2047 631 2091; x_wconf 85' lang='lat' dir='ltr'><strong>Baccho</strong></span> <span class='ocrx_word' id='word_1_167' title='bbox 647 2047 755 2090; x_wconf 84' lang='lat' dir='ltr'>vites</span> <span class='ocrx_word' id='word_1_168' title='bbox 774 2062 784 2095; x_wconf 90' lang='lat'>;</span> <span class='ocrx_word' id='word_1_169' title='bbox 801 2047 873 2088; x_wconf 85' lang='lat' dir='ltr'>hic</span> <span class='ocrx_word' id='word_1_170' title='bbox 890 2047 1044 2089; x_wconf 81' lang='lat' dir='ltr'>fertilis</span> <span class='ocrx_word' id='word_1_171' title='bbox 1073 2058 1169 2089; x_wconf 85' lang='lat' dir='ltr'>uvae</span> <span class='ocrx_word' id='word_1_172' title='bbox 1186 2080 1195 2095; x_wconf 91' lang='lat'><strong><em>‚</em></strong></span> 
     </span>
     <span class='ocr_line' id='line_1_26' title="bbox 246 2114 1302 2169; baseline 0.002 -12"><span class='ocrx_word' id='word_1_173' title='bbox 246 2117 328 2158; x_wconf 88' lang='lat' dir='ltr'>Hic</span> <span class='ocrx_word' id='word_1_174' title='bbox 347 2117 488 2157; x_wconf 72' lang='lat' dir='ltr'>latieIs</span> <span class='ocrx_word' id='word_1_175' title='bbox 501 2148 510 2164; x_wconf 90' lang='lat'><em>‚</em></span> <span class='ocrx_word' id='word_1_176' title='bbox 528 2116 703 2168; x_wconf 87' lang='lat' dir='ltr'>qualem</span> <span class='ocrx_word' id='word_1_177' title='bbox 724 2114 890 2169; x_wconf 85' lang='lat' dir='ltr'>pateris</span> <span class='ocrx_word' id='word_1_178' title='bbox 906 2115 1089 2158; x_wconf 87' lang='lat' dir='ltr'>libamus</span> <span class='ocrx_word' id='word_1_179' title='bbox 1109 2117 1153 2158; x_wconf 83' lang='lat' dir='ltr'>et</span> <span class='ocrx_word' id='word_1_180' title='bbox 1171 2127 1279 2159; x_wconf 85' lang='lat' dir='ltr'>auro</span> <span class='ocrx_word' id='word_1_181' title='bbox 1293 2149 1302 2165; x_wconf 84' lang='lat'>,</span> 
     </span>
     <span class='ocr_line' id='line_1_27' title="bbox 243 2183 1385 2238; baseline 0.003 -13"><span class='ocrx_word' id='word_1_182' title='bbox 243 2183 417 2227; x_wconf 81' lang='lat' dir='ltr'>Inflavit</span> <span class='ocrx_word' id='word_1_183' title='bbox 434 2195 572 2238; x_wconf 84' lang='lat' dir='ltr'>quum</span> <span class='ocrx_word' id='word_1_184' title='bbox 590 2183 766 2238; x_wconf 84' lang='lat' dir='ltr'>pinguis</span> <span class='ocrx_word' id='word_1_185' title='bbox 785 2183 894 2225; x_wconf 89' lang='lat' dir='ltr'>ebur</span> <span class='ocrx_word' id='word_1_186' title='bbox 911 2185 1165 2236; x_wconf 72' lang='lat' dir='ltr'>Tyrrhenus</span> <span class='ocrx_word' id='word_1_187' title='bbox 1186 2186 1240 2226; x_wconf 80' lang='lat' dir='ltr'>ad</span> <span class='ocrx_word' id='word_1_188' title='bbox 1262 2196 1358 2228; x_wconf 85' lang='lat' dir='ltr'>aras</span> <span class='ocrx_word' id='word_1_189' title='bbox 1376 2217 1385 2232; x_wconf 86' lang='lat'>.</span> 
     </span>
     <span class='ocr_line' id='line_1_28' title="bbox 243 2252 1302 2306; baseline -0.001 -10"><span class='ocrx_word' id='word_1_190' title='bbox 243 2254 456 2298; x_wconf 87' lang='lat' dir='ltr'>Lancibus</span> <span class='ocrx_word' id='word_1_191' title='bbox 475 2257 519 2296; x_wconf 87' lang='lat' dir='ltr'>et</span> <span class='ocrx_word' id='word_1_192' title='bbox 541 2253 696 2306; x_wconf 81' lang='lat' dir='ltr'>pandis</span> <span class='ocrx_word' id='word_1_193' title='bbox 716 2252 929 2295; x_wconf 81' lang='lat' dir='ltr'>fumantia</span> <span class='ocrx_word' id='word_1_194' title='bbox 945 2253 1171 2297; x_wconf 84' lang='lat' dir='ltr'>reddimus</span> <span class='ocrx_word' id='word_1_195' title='bbox 1188 2256 1302 2297; x_wconf 80' lang='lat' dir='ltr'>exta.</span> 
     </span>
    </p>

    <p class='ocr_par' dir='ltr' id='par_1_4' title="bbox 243 2323 1394 2518">
     <span class='ocr_line' id='line_1_29' title="bbox 294 2323 1394 2378; baseline -0.002 -12"><span class='ocrx_word' id='word_1_196' title='bbox 294 2326 371 2366; x_wconf 90' lang='lat' dir='ltr'>Sin</span> <span class='ocrx_word' id='word_1_197' title='bbox 386 2326 584 2366; x_wconf 85' lang='lat' dir='ltr'>armenta</span> <span class='ocrx_word' id='word_1_198' title='bbox 603 2323 741 2376; x_wconf 79' lang='lat' dir='ltr'>magis</span> <span class='ocrx_word' id='word_1_199' title='bbox 759 2323 953 2365; x_wconf 83' lang='lat' dir='ltr'>studium</span> <span class='ocrx_word' id='word_1_200' title='bbox 975 2324 1227 2378; x_wconf 78' lang='lat' dir='ltr'>vitulosque</span> <span class='ocrx_word' id='word_1_201' title='bbox 1254 2325 1367 2368; x_wconf 84' lang='lat' dir='ltr'>tueri</span> <span class='ocrx_word' id='word_1_202' title='bbox 1385 2357 1394 2375; x_wconf 91' lang='lat'>‚</span> 
     </span>
     <span class='ocr_line' id='line_1_30' title="bbox 245 2393 1316 2447; baseline -0.001 -11"><span class='ocrx_word' id='word_1_203' title='bbox 245 2398 332 2436; x_wconf 81' lang='lat' dir='ltr'>Aut</span> <span class='ocrx_word' id='word_1_204' title='bbox 351 2393 464 2436; x_wconf 77' lang='lat' dir='ltr'>setus</span> <span class='ocrx_word' id='word_1_205' title='bbox 482 2393 632 2436; x_wconf 75' lang='lat' dir='ltr'>ovium</span> <span class='ocrx_word' id='word_1_206' title='bbox 647 2422 657 2440; x_wconf 88' lang='lat'><em>,</em></span> <span class='ocrx_word' id='word_1_207' title='bbox 681 2394 756 2433; x_wconf 80' lang='lat' dir='ltr'>aut</span> <span class='ocrx_word' id='word_1_208' title='bbox 771 2395 948 2435; x_wconf 82' lang='lat' dir='ltr'>urentes</span> <span class='ocrx_word' id='word_1_209' title='bbox 968 2393 1087 2435; x_wconf 84' lang='lat' dir='ltr'>culta</span> <span class='ocrx_word' id='word_1_210' title='bbox 1105 2393 1316 2447; x_wconf 78' lang='lat' dir='ltr'>capellas3</span> 
     </span>
     <span class='ocr_line' id='line_1_31' title="bbox 243 2461 1277 2518; baseline -0.001 -13"><span class='ocrx_word' id='word_1_211' title='bbox 243 2464 389 2507; x_wconf 79' lang='lat' dir='ltr'>Saltu-s</span> <span class='ocrx_word' id='word_1_212' title='bbox 403 2497 413 2514; x_wconf 88' lang='lat'><em>‚</em></span> <span class='ocrx_word' id='word_1_213' title='bbox 434 2466 478 2506; x_wconf 87' lang='lat' dir='ltr'>et</span> <span class='ocrx_word' id='word_1_214' title='bbox 495 2462 628 2505; x_wconf 82' lang='lat' dir='ltr'>saturi</span> <span class='ocrx_word' id='word_1_215' title='bbox 649 2462 788 2518; x_wconf 85' lang='lat' dir='ltr'>petito</span> <span class='ocrx_word' id='word_1_216' title='bbox 804 2461 1048 2517; x_wconf 80' lang='lat' dir='ltr'>longinqua</span> <span class='ocrx_word' id='word_1_217' title='bbox 1072 2463 1247 2506; x_wconf 80' lang='lat' dir='ltr'>Tarenti</span> <span class='ocrx_word' id='word_1_218' title='bbox 1267 2493 1277 2509; x_wconf 88' lang='lat'>,</span> 
     </span>
    </p>
   </div>
  </div>
 </body>
</html>
