1917 2942
237 334 307 374 leo
750 337 911 376 LIBER
942 336 1017 375 XI.
1457 335 1524 374 421

235 424 488 465 Lustravere
508 425 552 464 in
572 424 718 476 equis.
743 423 1019 475 ululatusque
1039 432 1114 464 ore
1129 421 1304 464 dedere.

235 491 457 545 Spargitur
478 497 519 535 et
539 494 665 534 tellus
682 492 906 542 lacrymis,
927 493 1193 545 sparguntur
1211 494 1256 534 et
1275 502 1408 533 arma⁴

235 563 272 600 It
293 562 405 602 coslo
423 563 675 615 clamorque
692 562 836 603 virtum
856 564 1123 615 clangorque
1141 564 1358 604 tubarum.

238 633 350 674 Hine
367 632 437 672 alii
456 631 592 686 spolia
609 633 763 674 occisis
782 632 964 684 derepta
984 632 1146 673 Latinis

235 699 488 750 conjiciunt
511 701 598 752 igni
617 732 626 748 ,
650 700 815 753 galeas,
838 711 1049 754 ensesque
1068 701 1273 745 decoros,

238 771 489 822 Frenaque,
509 769 813 823 ferventesque
836 773 950 811 rotas
972 787 982 813 ε
1006 780 1106 824 pars
1123 781 1308 811 munera
1330 772 1453 814 nota,

237 841 436 892 Ipsorum
454 839 644 890 clipeos,
667 843 710 881 et
728 850 815 880 non
834 838 978 881 felicia
997 839 1093 880 tela.

239 908 375 948 Multa
396 906 529 948 boum
549 908 665 950 circa
680 911 926 949 mactantur
943 918 1129 962 corpora
1143 907 1275 949 morti
1292 923 1302 955 ;

237 978 554 1031 Saetigerosque
572 988 691 1024 sues,
710 979 942 1030 raptasque
964 990 1014 1020 ex
1029 978 1234 1019 omnibus
1252 978 1366 1030 agris

239 1049 290 1086 ln
311 1045 532 1088 flammam
543 1047 748 1098 jugulant
764 1046 970 1101 pecudes.
992 1052 1102 1088 Tum
1121 1047 1249 1089 litore
1268 1049 1361 1088 toto

240 1115 458 1158 Ardentes
477 1119 678 1169 spectant
691 1116 854 1163 socios,
873 1117 1168 1169 semiustaque
1183 1120 1361 1158 servant

241 1188 395 1234 Busta;
417 1197 561 1239 neque
578 1186 711 1228 avelli
726 1189 935 1239 possunt;
959 1197 1046 1228 uox
1065 1187 1250 1227 humida
1267 1186 1411 1228 donec

242 1256 425 1298 invertit
443 1256 603 1297 coelum
620 1254 752 1298 stellis
771 1255 1036 1308 fulgentibus
1056 1259 1224 1309 aptum.

292 1327 381 1366 Nec
400 1324 545 1365 minus
568 1325 611 1365 et
627 1324 775 1364 miseri
795 1323 968 1365 diversa
986 1323 1032 1364 in
1050 1326 1174 1377 parte
1192 1322 1335 1364 Latini

240 1396 498 1435 Innumeras
522 1395 718 1435 struxere
733 1403 862 1446 pyras
876 1423 886 1441 ‚
904 1395 948 1435 et
966 1402 1151 1445 corpora
1170 1392 1335 1447 partim

244 1463 377 1503 Multa
392 1462 538 1503 virum
557 1466 683 1504 terrae
703 1461 945 1508 infodiunt,
971 1464 1209 1514 avectaque
1227 1462 1387 1514 partim

245 1532 474 1573 Finitimos
489 1531 651 1574 tollunt
669 1534 713 1573 in
734 1543 861 1585 agros
877 1563 886 1578 ‚
907 1532 1096 1586 urbique
1112 1532 1346 1574 remittunt
1364 1548 1373 1571 :

243 1604 421 1649 Cetera,
445 1600 728 1654 confusaeque
747 1602 974 1655 ingentem
997 1600 1128 1643 caedis
1151 1612 1357 1644 acervum
1379 1633 1386 1648 ,

244 1673 331 1713 Nec
347 1681 533 1713 numero
548 1682 631 1714 nec
648 1671 833 1720 honore,
854 1673 1078 1718 cremant;
1102 1676 1206 1713 tunc
1224 1672 1422 1725 undique
1439 1672 1545 1714 vasti

244 1739 452 1781 Certatim
471 1739 634 1782 crebris
654 1739 878 1782 collucent
905 1739 1082 1791 ignibus
1101 1741 1208 1791 agri.

243 1809 386 1850 Tertia
405 1808 476 1849 lux
496 1807 688 1860 gelidam
706 1808 819 1849 coelo
838 1807 1084 1849 dimoverat
1099 1807 1301 1849 umbram
1319 1825 1329 1848 :

244 1878 472 1918 Maerentes
490 1875 625 1918 altuni
642 1877 836 1918 cinerem
857 1879 900 1918 et
914 1875 1098 1918 confusa
1115 1876 1303 1918 ruebant

245 1948 348 1988 Ossa
369 1945 496 1993 focis,
518 1945 754 1999 tepidoque
774 1944 1020 1986 onerabant
1040 1955 1196 1997 aggere
1220 1946 1360 1987 terrae.
1419 1941 1420 1945 ’

245 2019 343 2056 ,lam
363 2027 467 2057 vero
487 2016 534 2055 vin
553 2015 676 2056 tectis
697 2045 706 2060 .
735 2014 977 2067 praedivitis
994 2013 1101 2055 urbe
1118 2014 1285 2061 Latini,

248 2085 497 2138 Prlrcipuus
520 2083 684 2135 fragor,
706 2088 750 2125 et
768 2083 887 2137 longi
908 2096 1007 2137 pars
1026 2084 1215 2124 maxima
1235 2085 1389 2126 luctus.

248 2157 332 2197 llic
352 2157 510 2196 matres
530 2153 786 2206 miseraequc
802 2166 938 2195 nurus
952 2187 961 2202 ‚
984 2154 1055 2196 bic
1074 2166 1175 2196 cara
1191 2165 1394 2196 sororum

249 2227 429 2267 Pectora
451 2232 709 2267 maerentum
728 2256 736 2273 ‚
761 2225 969 2278 puerique
991 2226 1245 2280 parentibus
1264 2225 1358 2268 orbi
1380 2256 1388 2267 ,

248 2296 399 2336 Dirum
421 2298 699 2338 exsecrantur
717 2295 879 2337 bellum
898 2299 956 2336 Tu
966 2297 1118 2348 ruique
1138 2295 1415 2348 hymenaeos:

251 2368 397 2420 Ipsum
414 2367 565 2413 amnis,
587 2366 816 2419 ipsumque
832 2366 989 2417 jubent
1008 2365 1245 2420 decernere
1264 2366 1398 2411 l'crrm

251 2436 333 2484 Qui
352 2448 537 2490 regnum
559 2438 690 2480 ltaliae
708 2440 751 2477 et
768 2438 931 2489 prlnws
950 2436 1031 2479 sibi
1053 2442 1205 2490 poscat
1218 2436 1427 2480 honores.
