1917 2942
240 324 313 364 644
744 328 907 366 LIBER
939 328 1051 367 Vlll,
1468 332 1538 369 351

242 415 540 470 Raptabatque
559 417 642 459 viri
659 417 887 460 mendacis
905 418 1076 462 viscera
1093 419 1245 461 Tullus

242 489 325 528 Per
341 485 520 535 silvam,
542 490 587 529 et
605 486 742 541 sparsi
759 487 970 529 rorabant
988 489 1203 542 sanguine
1218 500 1386 542 vepres.

241 559 328 598 Nec
347 567 441 597 non
459 555 751 610 Tarquinium
772 558 964 609 ejectum
983 560 1179 600 Porsena
1185 558 1367 610 jubebat

241 624 459 679 Adcipere
471 655 481 672 ,
506 625 765 678 ingentique
783 627 942 668 urbem
962 626 1193 670 obsidione
1210 628 1466 682 premebat:

240 692 442 735 AEneadae
461 695 510 735 in
530 693 698 735 ferrum
718 706 796 748 pro
815 694 1016 737 libertate
1031 696 1234 739 ruebant.

241 764 365 805 lllum
385 764 636 817 indignanti
654 763 846 807 similem
860 795 870 813 ,
891 765 1171 820 similemque
1187 767 1374 807 minanti

241 831 519 887 Adspiceres;
539 837 725 887 pontem
745 834 927 876 auderet
945 835 1064 888 quod
1081 834 1245 878 vellere
1263 837 1413 879 Cocles
1428 869 1439 884 .

241 905 290 942 Et
311 902 494 944 lluvium
508 902 664 945 vinclis
683 903 861 944 innaret
881 904 1035 947 Cloelia
1056 906 1214 956 ruptis.

241 975 289 1013 ln
307 985 481 1014 summo
501 977 650 1015 custos
666 973 861 1026 Tarpeiae
878 975 1065 1016 Manlius
1076 976 1193 1017 ,arcis

240 1041 388 1084 Stabat
407 1054 487 1096 pro
509 1044 701 1097 templo,
724 1046 768 1085 et
786 1044 1000 1096 Capitolia
1019 1044 1133 1087 celsa
1156 1045 1335 1088 tenebat

242 1115 564 1167 (Romuleoque
583 1124 735 1157 recens
754 1114 964 1156 horrebat
976 1117 1099 1167 regia
1112 1116 1261 1158 culmo
1279 1147 1292 1159 .

243 1187 386 1237 Atque
406 1184 479 1227 liic
502 1186 668 1226 auratis
686 1184 874 1226 volitans
896 1188 1126 1237 argenteus
1147 1198 1276 1230 anser

243 1255 492 1296 Porticibus
507 1286 517 1305 ‚
533 1254 681 1296 Gallos
701 1255 747 1294 in
765 1254 918 1296 limine
932 1254 1086 1296 adesse
1106 1256 1294 1298 canebat
1311 1270 1320 1293 :

242 1325 353 1365 Galli
376 1336 456 1379 per
475 1324 633 1366 dumos
653 1322 839 1365 aderant
854 1354 864 1370 ,
886 1323 1122 1378 arcemque
1139 1326 1374 1375 tenebant,

242 1393 416 1436 Defensi
437 1394 625 1437 tenebris
647 1400 690 1438 et
709 1394 830 1436 dono
848 1396 991 1436 noctis
1011 1406 1161 1449 opacae
1179 1411 1190 1444 ς
1336 1391 1338 1393 ’

243 1467 388 1505 Aurea
407 1464 606 1505 caesaries
626 1463 744 1510 ollis,
765 1467 898 1516 atque
920 1476 1056 1507 aurea
1073 1465 1234 1513 vestisr,

242 1532 426 1585 virgatis
446 1535 597 1577 lucent
615 1534 799 1586 sagulis3
827 1536 921 1575 tum
941 1536 1080 1577 lactea
1099 1536 1212 1578 colla

244 1608 364 1646 Auro
387 1605 679 1648 innectuntur
695 1621 705 1653 ;
722 1606 811 1647 duo
830 1607 1015 1659 quisque
1031 1608 1192 1660 Alpina
1210 1616 1448 1651 coruscant

242 1679 365 1717 Gaesa
386 1687 521 1717 manu
541 1708 550 1725 ,
572 1677 707 1718 scutis
726 1677 915 1729 protecti
936 1687 1125 1729 corpora
1140 1678 1301 1730 longis.

244 1747 326 1790 llic
345 1748 612 1790 exsultantes
632 1747 789 1795 Salios,
811 1747 1044 1800 nudosque
1064 1752 1285 1800 Lupercos
1303 1781 1312 1795 .

243 1818 569 1871 Lanigerosque
592 1818 759 1872 apices,
781 1821 825 1859 et
843 1818 963 1872 lapsa
981 1818 1141 1860 ancilia
1159 1820 1273 1861 coelo

243 1888 506 1929 Extuderat:
530 1891 660 1930 castae
682 1887 905 1930 ducebant
924 1898 1048 1930 sacra
1064 1889 1314 1940 pei-urbem

243 1956 423 1997 Pilentis
441 1961 603 1999 matres
619 1958 665 1998 in
683 1957 906 1998 mollibus.
926 1959 1042 1999 Hinc
1058 1959 1212 2010 procul
1224 1957 1357 2000 addit

241 2028 470 2068 Tartareas
489 2026 622 2068 etiam
641 2027 791 2074 sedes,
808 2027 898 2068 alta
914 2028 1024 2069 ostia
1046 2027 1180 2076 Ditis;

242 2097 298 2136 Et
316 2096 538 2139 scelerum
556 2107 733 2152 poenas;
752 2101 794 2139 et
816 2100 880 2144 te,
905 2096 1091 2138 Catilina
1105 2129 1115 2146 ‚
1134 2098 1298 2140 minaci

248 2166 519 2210 Pendentem
535 2168 739 2222 scopulo,
757 2169 1078 2221 Furiarumque
1099 2178 1175 2210 ora
1194 2172 1456 2214 trementem
1473 2188 1484 2220 ς

246 2239 527 2291 secretosque
548 2237 641 2291 pios
663 2253 673 2276 2
695 2234 762 2278 his
782 2236 961 2277 dantem
974 2238 1074 2288 jura
1093 2241 1323 2282 Catonem.

297 2310 401 2349 Haec
414 2308 530 2350 inter
548 2306 704 2349 tumidi
723 2306 810 2348 late
826 2306 959 2348 maris
977 2306 1069 2348 ibat
1088 2308 1236 2361 imago

254 2380 416 2427 Aurea3
440 2377 514 2421 sed
537 2377 673 2421 fluctu
689 2378 955 2431 spumabant
971 2380 1133 2421 czerula
1153 2391 1289 2429 cano;

253 2448 301 2487 Et
318 2449 485 2490 circ-um
505 2452 691 2501 argento
710 2447 816 2490 clari
835 2447 1065 2502 delphines
1086 2447 1131 2489 in
1150 2451 1302 2493 orbem
