1917 2942
387 324 436 363 ¹2
751 325 798 362 P.
833 325 1062 364 VIRGILII
1091 326 1336 366 MARONIS

444 412 687 471 Augustus
703 423 819 458 vero
837 424 990 470 quum
1010 413 1270 459 sortebello
1291 412 1585 461 Cantabrico
1604 414 1685 461 de-

381 491 645 544 tineretur,
668 489 1062 549 supplicibusque
1082 492 1128 537 et
1142 491 1412 538 minacibus
1432 492 1578 539 etiam
1596 505 1684 551 per

375 568 542 626 jocum
560 567 713 614 literis
733 573 779 613 es
782 568 1021 627 flagitaret
1034 601 1048 621 ,
1073 570 1124 614 ut
1137 568 1229 615 sibi
1250 570 1308 616 de
1328 570 1533 617 AEneide
1555 574 1683 631 (nam

378 646 530 705 ipsius
544 646 688 694 verba
701 646 828 704 sunt)
841 646 915 693 vel
929 646 1087 704 prima
1100 647 1329 693 carminis
1346 648 1560 708 hypogra
1566 651 1677 709 pha,

378 727 455 771 vel
477 725 670 785 aliquod
691 726 829 771 colon
862 727 1108 779 mitteret,
1135 727 1331 785 negavit
1355 741 1403 773 se
1438 731 1682 776 facturum

376 807 545 863 poeta,
576 803 778 850 minime
799 803 873 849 sui
908 806 1203 858 ostentator,
1227 806 1424 864 epistola
1443 807 1678 866 quadam,

377 884 512 944 cujus
533 884 659 930 hanc
678 880 970 942 particulam
990 883 1049 929 ad
1077 896 1164 929 nos
1199 884 1469 931 transmisit
1487 885 1676 933 Macro-

375 962 484 1008 bius
507 978 519 1006 :
544 962 611 1007 De
630 963 785 1007 AEnea
822 964 1009 1021 quictem
1050 975 1181 1012 meo,
1211 965 1256 1007 si
1278 963 1542 1010 mehercule
1567 966 1679 1022 jam

374 1043 572 1098 dtqmcm
597 1040 797 1087 auribus
817 1039 1040 1086 haberem
1061 1042 1156 1086 tuis
1172 1074 1185 1093 ,
1211 1039 1408 1087 libenter
1423 1043 1676 1089 mitterem.

372 1121 463 1165 Sed
481 1121 672 1165 tautum
692 1117 919 1163 inchoata
940 1132 1014 1165 res
1038 1121 1130 1171 est,
1154 1121 1206 1162 'ut
1222 1131 1343 1176 pene
1365 1121 1483 1164 titio
1504 1121 1678 1166 mentis

371 1200 561 1244 tantum
582 1209 699 1258 opus
735 1199 982 1254 tnqressus
1004 1196 1124 1241 mihi
1156 1198 1323 1242 videar
1338 1212 1352 1249 3
1390 1210 1531 1255 quum
1549 1210 1676 1255 proe-

372 1277 567 1328 sertim,
588 1278 640 1320 ut
663 1276 783 1325 scis,
829 1273 933 1320 alia
968 1287 1149 1333 quoque
1189 1275 1353 1320 studia
1378 1274 1440 1320 ad
1469 1274 1520 1319 id
1555 1287 1677 1335 opus

369 1354 615 1413 multoque.-
648 1357 847 1413 potiora
883 1355 1156 1410 impertiar.
1179 1352 1344 1398 Eidem
1383 1352 1544 1398 tamen
1579 1353 1674 1398 Au—

371 1433 540 1492 gustO,
562 1431 809 1491 aliquanto
832 1431 970 1488 post,
1014 1430 1305 1483 secundum,
1330 1431 1557 1489 quartum
1573 1465 1588 1485 ,
1627 1433 1675 1477 et

370 1512 556 1558 sextum
573 1511 724 1557 libros
740 1510 969 1556 recitasse
983 1508 1162 1555 dicitur
1174 1526 1187 1564 3
1213 1508 1345 1554 hunc
1367 1509 1529 1554 autem
1552 1520 1673 1566 prae—

370 1592 536 1651 cipue,
566 1593 619 1638 ut
654 1589 869 1637 Octaviae
910 1589 1292 1648 gratificaretur,
1344 1601 1475 1647 quae,
1519 1601 1671 1647 quum

367 1669 643 1717 recitationi
668 1669 949 1723 interesset,
982 1669 1042 1714 ad
1075 1667 1178 1716 illos
1211 1668 1270 1714 de
1302 1668 1400 1714 filio
1433 1682 1521 1715 suo
1541 1669 1670 1716 Mar-

366 1750 485 1797 cello
505 1761 672 1796 versus
685 1782 698 1802 ‚
718 1749 854 1794 tanto
874 1747 1051 1794 affectu
1073 1747 1286 1794 imbutos
1299 1782 1311 1801 ,
1334 1747 1560 1793 defecisse
1573 1753 1668 1794 fer-

365 1828 473 1881 tur,
499 1839 557 1873 ac
586 1826 709 1872 dena
733 1825 950 1871 sestertia
975 1838 1065 1884 pro
1088 1825 1290 1885 singulis
1315 1825 1536 1872 versibus
1555 1826 1667 1873 Vir-

364 1906 481 1966 gilio
499 1905 605 1951 dari
627 1902 841 1962 jussisse.
858 1904 1029 1963 Neque
1049 1917 1165 1952 vero
1182 1903 1419 1950 recitabat
1442 1903 1669 1963 cuiquam

366 1983 625 2043 VirgiliuS,
647 1983 740 2027 nisi
774 1982 960 2028 invitus
975 2016 988 2036 ,
1019 1983 1064 2028 et
1086 1995 1140 2029 ea
1163 1983 1262 2028 fere
1281 1981 1339 2028 de
1360 1982 1536 2041 quibus
1561 1996 1666 2030 am-

360 2062 583 2122 bigebat,
606 2063 659 2107 ut
679 2061 916 2119 judicium
933 2061 1190 2107 hominum
1210 2062 1494 2121 exploraret,
1515 2075 1665 2121 quum

360 2154 459 2188 non
480 2142 580 2187 tam
602 2140 790 2187 laudari
811 2152 860 2186 se
894 2143 1119 2200 cuperet,
1143 2153 1290 2200 quam
1320 2140 1425 2186 fieri
1447 2141 1663 2188 laudabi-

358 2220 472 2267 lem.

419 2301 508 2349 Sex
546 2297 836 2357 posteriores
874 2298 1024 2344 libros
1062 2296 1387 2357 quadriennio
1435 2298 1659 2345 confecit.

357 2376 532 2423 Nama
556 2377 714 2423 morte
736 2377 945 2423 Marcelli
983 2378 1054 2423 tot
1078 2376 1177 2422 sere
1211 2376 1328 2421 anni
1370 2377 1480 2422 sunt
1516 2376 1575 2422 ad
1613 2376 1660 2422 id

357 2458 547 2515 ‘tempus
566 2491 579 2510 ,
622 2468 719 2516 quo
747 2457 798 2502 in
823 2455 1064 2503 Graeciam
1093 2455 1334 2514 profectus
1356 2456 1443 2501 est.
1469 2455 1527 2501 Et
1547 2467 1660 2502 sane
