1917 2942
320 271 394 311 ⁴32
822 274 1076 314 AENEIDOS
1558 279 1631 317 43¹1

314 357 664 411 Exaniinumque
681 368 788 400 auro
806 370 966 413 corpus
982 358 1201 401 vendebat
1218 361 1419 404 Achilles.

313 429 427 467 Tum
445 437 551 468 vero
566 427 792 479 ingentem
810 430 1026 479 gemitum
1042 428 1118 468 dat
1134 432 1318 483 pectore
1338 430 1389 471 ab
1407 430 1521 476 imo,

313 495 373 533 Ut
391 493 531 547 spolia
550 524 558 540 ,
582 502 631 535 ut
647 507 800 537 currus
814 527 824 546 ‚
844 499 981 548 utque
1000 497 1145 550 ipsum
1165 508 1324 548 coruus
1346 499 1494 546 amici,

313 562 849 614 Tendentemquemanus
869 566 1097 605 Priamum
1118 568 1348 619 conspexit
1372 567 1577 610 inermes.

311 635 367 675 Se
388 643 563 686 quoque
582 633 854 687 principibus
876 636 1147 688 permixtum
1167 636 1381 687 adgnovit
1398 638 1603 684 Achivis,

315 704 519 755 ansque
541 704 679 747 acies,
703 709 745 743 et
763 705 880 756 nigri
898 705 1145 747 Memnonis
1164 717 1302 747 arma.

312 772 446 814 Ducit
464 772 787 814 Amazonidum
807 774 970 815 lunatis
993 775 1169 827 agmina
1189 778 1317 829 peltis

312 842 594 884 Penthesilea
613 841 762 885 furens
781 876 789 892 ‚
809 842 1055 897 mediisque
1075 847 1122 885 in
1138 846 1332 888 millibus
1352 846 1500 893 ardet,

314 918 462 958 Aurea
484 917 749 958 subnectens
769 922 950 960 exsertae
971 918 1150 970 cingula
1168 931 1369 960 mammas
1389 951 1397 966 ‚

311 985 545 1034 Bellatrix‚
569 985 790 1039 audetque
810 986 914 1028 viris
931 998 1201 1030 concurrere
1221 976 1363 1041 virgo.

364 1059 471 1097 ,Haec
492 1055 596 1097 dum
618 1056 839 1098 Dardanio
855 1060 1002 1098 AEneae
1026 1058 1227 1100 miranda
1250 1059 1470 1112 videntur,

315 1127 431 1164 Dum
450 1125 625 1179 stupet,
653 1125 898 1178 obtutuque
917 1124 1056 1167 haeret
1076 1124 1243 1168 defixus
1264 1129 1310 1168 in
1334 1140 1451 1176 uno;

312 1194 481 1246 Regina
498 1194 553 1235 ad
576 1195 811 1248 templum,
836 1194 978 1236 torma
998 1194 1296 1249 pulcherrima
1313 1230 1323 1245 ‚
1341 1198 1453 1239 Dido

312 1264 517 1308 Incessit,
536 1274 694 1315 magna
707 1266 924 1316 juvenum
944 1265 1138 1318 stipante
1157 1271 1347 1309 caterva.

311 1333 460 1382 Qualis
476 1333 522 1372 in
541 1335 716 1374 Eurotae
736 1333 841 1386 ripis
858 1363 868 1383 ‚
893 1335 969 1374 aut
984 1335 1184 1386 perjuga
1206 1335 1364 1385 Cynthi

311 1404 498 1444 Exercet
521 1404 656 1444 Diana
672 1401 852 1451 choros,
876 1414 1010 1455 quam
1031 1403 1154 1445 mille
1173 1410 1336 1446 seculae

311 1471 428 1512 Hinc
448 1472 577 1524 atque
599 1469 704 1512 hinc
723 1471 1030 1523 glomerantur
1046 1472 1263 1520 Oreade53
1282 1473 1359 1514 illa
1377 1473 1628 1526 pharetram

311 1542 416 1581 Fert
435 1538 650 1586 humero,
673 1539 969 1592 gradiensque
994 1540 1096 1582 deas
1117 1541 1417 1596 supereminet
1436 1553 1614 1590 omnem

311 1612 492 1651 Latonae
514 1609 698 1650 tacitum
715 1611 973 1663 pertentant
990 1608 1147 1660 gaudia
1168 1612 1335 1663 pectus.

310 1679 424 1720 Talis
441 1680 536 1721 erat
566 1677 706 1719 Didoz
727 1678 857 1719 talem
879 1689 923 1718 se
939 1678 1039 1719 laeta
1056 1677 1223 1719 serebat

309 1752 396 1791 Per
412 1747 581 1791 medios
595 1779 604 1795 ,
629 1748 797 1790 instans
819 1748 944 1801 operi
964 1748 1203 1799 regnisque
1226 1746 1398 1789 suturis.

308 1822 419 1859 Tum
445 1817 611 1859 foribus
628 1817 764 1865 divae,
786 1817 931 1859 media
951 1816 1175 1860 testudine
1193 1819 1369 1871 templi,

307 1889 439 1939 Septa
456 1887 587 1929 armis
602 1920 611 1934 ‚
633 1886 831 1940 solioque
848 1887 933 1928 alte
947 1887 1129 1928 subnixa
1144 1887 1322 1933 resedit,

308 1961 419 1999 Jura
434 1957 562 1999 dabat
581 1959 788 2011 legesque
807 1957 912 1998 viris
930 1972 940 2005 ;
964 1968 1240 2011 operumque
1256 1957 1453 1999 laborem

309 2027 513 2074 Partibus
529 2028 731 2081 aequabat
742 2028 871 2079 justis
889 2059 899 2074 ‚
923 2032 1000 2068 aut
1014 2031 1130 2069 sorte
1152 2027 1351 2070 trahebat
1370 2045 1379 2068 ε

308 2101 455 2148 Quum
473 2097 618 2139 subito
632 2102 786 2140 AEneas
802 2108 1025 2139 concursu
1045 2096 1262 2139 adcedere
1284 2108 1442 2149 magno

307 2167 484 2210 Anthea
500 2171 842 2221 Sergestumque
876 2166 1018 2211 videt,
1044 2166 1293 2219 fortemque
1315 2167 1577 2214 Cloanthum
1599 2199 1607 2212 ,

306 2240 672 2292 Teucrorumque
691 2238 799 2280 alios
818 2252 828 2284 ;
853 2240 949 2280 ater
962 2248 1074 2290 quos
1089 2248 1267 2290 aequore
1283 2236 1414 2279 turbo

307 2309 558 2364 Dispulerat
576 2340 585 2355 ,
608 2309 873 2363 penitusque
890 2308 995 2351 alias
1015 2311 1218 2350 avexerat
1234 2318 1435 2352 Ol'flS-xae·'‘'

309 2378 544 2433 Obstupuit
562 2380 692 2421 simul
711 2380 825 2431 ipse,
849 2377 979 2420 simul
1002 2388 1236 2431 percussus
1252 2377 1440 2420 Achates
