1917 2942
352 342 422 381 ωδ
869 342 1127 394 AENEmos
1581 342 1655 381 ies

349 428 525 468 (Enotri
546 427 723 469 coluere
743 427 823 469 viri
843 442 852 466 ε
869 436 992 467 nunc
1013 423 1142 476 sama,
1163 425 1356 467 minores

348 498 519 539 Italiam
540 496 713 544 dixisse,
733 495 856 539 ducis
878 495 932 538 de
953 496 1153 543 nomine,
1176 490 1368 548 gentem.

348 569 424 606 11ae
444 565 569 608 nobis
591 566 785 619 propriae
799 564 946 613 sedes;
969 563 1072 606 hinc
1090 564 1320 606 Dardanus
1335 568 1470 612 ortus,

344 637 575 689 Iasiusque
593 638 733 690 pater,
756 646 896 688 genus
916 647 939 677 a
957 646 1047 687 quo
1063 634 1265 689 principe
1284 637 1500 677 nostrum.

348 710 487 758 Surge
507 717 602 759 age,
625 705 780 749 ethaec
794 706 924 748 laetus
943 708 1150 757 longaevo
1171 705 1288 747 dicta
1304 708 1478 760 parenti

350 774 482 817 Haud
504 774 748 817 dubitanda
767 774 886 818 refer
907 790 917 814 :
937 774 1199 826 Corythum,
1221 778 1447 828 terrasque
1467 776 1664 830 requirat

350 845 581 888 Ausonias.
600 846 766 888 Dictaea
780 848 914 897 negat
933 844 1011 886 tibi
1031 847 1056 884 J
1062 846 1241 898 uppiter
1254 856 1373 886 arva.
1394 860 1411 883 ι

367 913 385 924 “
402 914 578 956 Talibus
603 913 827 956 adtonitus
848 915 970 965 visis,
990 924 1040 955 ac
1054 925 1165 956 voce
1185 913 1374 957 deorum

349 986 454 1031 (Nec
471 994 604 1038 sopor
622 983 734 1025 illud
748 986 866 1033 erat;
889 984 966 1026 sed
981 994 1133 1026 coram
1154 983 1426 1035 adgnoscere
1448 985 1609 1032 vultus,

351 1053 611 1107 velatasque
632 1063 798 1102 comas,
821 1053 1152 1108 praesentiaque
1176 1064 1253 1095 ora
1275 1053 1459 1097 videbar
1478 1067 1488 1091 :

351 1126 464 1164 Tum
482 1121 652 1176 gelidus
671 1124 765 1163 toto
782 1123 993 1164 manabat
1012 1132 1201 1174 corpore
1222 1123 1403 1175 sudor),

353 1193 553 1247 Corripio
572 1205 596 1235 e
614 1194 761 1234 stratis
781 1203 957 1245 corpus,
979 1192 1205 1247 tendoque
1226 1193 1405 1246 supinas

355 1261 424 1303 Ad
443 1263 604 1305 ccelum
627 1275 729 1305 cum
749 1275 860 1306 voce
879 1274 1052 1310 manus,
1078 1265 1122 1305 et
1142 1274 1330 1305 munera
1343 1264 1434 1306 libo

353 1336 620 1375 Intemerata
640 1331 764 1375 focis.
785 1331 994 1375 Perfecto
1009 1333 1137 1375 laetus
1153 1331 1340 1380 honore,

357 1401 585 1445 Anchisen
603 1401 716 1444 facio
734 1405 922 1454 certum,
939 1412 1124 1456 remque
1144 1401 1302 1444 ordine
1320 1402 1488 1456 pando.

357 1469 585 1523 Adgnovit
597 1470 770 1525 prolem
791 1471 1062 1523 ambiguam,
1085 1473 1374 1525 geminosque
1390 1477 1594 1525 parentes
1608 1492 1618 1521 ;

355 1544 497 1593 Seque
514 1536 633 1582 novo
654 1544 857 1584 veterum
878 1540 1117 1594 deceptum
1137 1552 1290 1583 errore
1305 1542 1524 1583 locorum.

355 1613 465 1651 Tum
484 1612 704 1653 memorat
722 1627 731 1651 z
757 1625 775 1649 ε
798 1612 926 1659 Nate,
945 1611 1090 1652 Iliacis
1107 1611 1302 1653 exercite
1320 1609 1434 1658 fatis,

358 1683 458 1723 Sola
477 1680 586 1730 mihi
605 1682 710 1723 tales
731 1693 859 1723 casus
880 1680 1125 1723 Cassandra
1141 1680 1342 1723 canebat.

358 1752 393 1791 N
402 1761 488 1792 unc
507 1752 679 1803 repeto,
699 1750 796 1792 haec
813 1751 964 1802 generi
988 1749 1255 1802 portendere
1275 1751 1425 1793 debita
1440 1755 1620 1799 nost1·o;

358 1823 411 1860 Et
429 1831 546 1874 saepe
568 1821 845 1873 Hesperiam,
864 1832 982 1876 saepe
1002 1820 1112 1861 Itala
1134 1831 1274 1873 regna
1289 1832 1465 1864 vocare.

357 1889 443 1931 Sed
461 1891 559 1943 quis
578 1889 634 1932 ad
649 1891 876 1944 Hesperiae
899 1894 1117 1933 venturos
1136 1891 1267 1933 litora
1286 1894 1480 1933 Teucros

358 1958 596 2002 Crederet?
619 1961 696 2001 aut
715 1971 851 2013 quem
867 1962 964 2001 tum
989 1963 1106 2002 vates
1127 1959 1371 2002 Cassandra
1390 1963 1625 2003 moveret?

359 2030 574 2071 Cedamus
591 2029 778 2081 Phoebo,
799 2033 843 2071 et
860 2031 1022 2071 moniti
1043 2031 1232 2073 meliora
1251 2041 1506 2083 sequamur.
1524 2045 1543 2069 n

360 2099 432 2142 sic
447 2102 510 2141 ait
529 2116 540 2141 ι
563 2103 607 2143 et
626 2101 778 2142 cuncti
795 2099 917 2142 dicto
934 2111 1145 2153 paremus
1162 2101 1363 2143 ovantes.

364 2173 488 2211 Hanc
512 2181 687 2223 quoque
705 2170 947 2213 deserimus
967 2169 1134 2217 sedem.
1157 2171 1402 2224 paucisque
1419 2170 1600 2217 relictis,

362 2240 471 2280 vela
486 2238 657 2287 damus,
682 2243 948 2293 vastumque
970 2252 1079 2283 cava
1096 2240 1223 2283 trahe
1243 2240 1467 2283 currimus
1486 2251 1654 2293 aequor.

415 2311 656 2363 Postquam
673 2308 810 2351 altum
829 2314 1013 2353 tenuere
1029 2315 1159 2357 rates.
1173 2321 1257 2352 nec
1268 2310 1358 2360 jam
1376 2309 1565 2363 amplius
1580 2309 1680 2352 ullae

364 2380 597 2435 Adparent
619 2381 765 2429 terrae,
790 2381 951 2423 coslum
972 2380 1173 2434 undique
1203 2382 1247 2422 et
1267 2380 1465 2433 undique
1485 2384 1649 2433 pontus
1668 2397 1680 2420 ι

366 2453 476 2492 Tum
497 2449 605 2492 mihi
624 2450 842 2493 eaeruleus
861 2462 997 2504 supra
1018 2454 1153 2505 caput
1171 2449 1339 2492 adstitit
1357 2449 1515 2500 imber,
