1917 2942
185 348 253 387 -171
734 351 803 389 CU
815 351 937 392 LEX.
1413 355 1487 394 2⁴85

185 431 492 486 Adspeetuque
507 432 673 474 micant
692 432 957 475 flammantia
975 435 1142 477 lumina
1161 439 1308 478 torvo.

185 504 373 545 Metabat
386 503 473 544 late
489 503 659 544 circum
677 503 801 546 loca:
821 516 957 557 quum
977 504 1098 546 videt
1121 505 1278 558 ingens

186 572 429 614 Adversum
445 573 657 615 recubare
674 572 831 616 ducem
850 575 1007 627 gregis.
1026 575 1182 616 Acrior
1200 577 1333 619 instat

189 644 375 684 Lumina
396 641 651 684 diffundens
670 642 929 690 intendere,
953 646 997 685 et
1011 644 1141 685 obvia
1163 645 1289 686 torvo

186 714 351 766 Saepius
369 713 593 766 adripiens
610 711 846 765 iufringere
867 744 876 764 ,
898 713 1015 766 quod
1032 725 1110 756 sua
1126 716 1358 769 quisquam

189 784 256 825 Ad
275 782 382 825 vada
396 784 590 825 venisset
610 795 620 818 τ
643 787 811 825 naturae
834 787 1063 835 comparat
1079 795 1228 833 arma3

190 852 509 899 Ardetmentei
535 851 640 894 furit
659 851 925 894 stridoribus
946 885 953 900 ,
976 853 1151 895 intonat
1169 865 1271 903 ore;

187 923 384 966 Flexibns
405 924 568 965 eversis
584 925 817 974 torquetur
839 923 1039 975 corporis
1060 925 1211 973 orbes;

191 996 367 1034 manant
381 993 633 1045 sanguinet-e
652 1003 727 1043 per
748 993 911 1034 tractus
927 992 1126 1046 undique
1145 995 1307 1044 guttae3

188 1062 370 1116 Spiritus
385 1066 429 1104 et
446 1062 614 1116 rumpit
631 1060 791 1104 fauces.
814 1063 893 1102 Cui
916 1067 1074 1103 cuncta
1099 1062 1269 1113 paranti

191 1134 402 1174 Parvnius
416 1132 537 1173 hunc
553 1132 675 1185 prior
694 1132 893 1173 humoris
913 1134 1135 1174 conterret
1155 1132 1360 1172 alumnus
1379 1163 1386 1179 ‚

191 1204 242 1243 Et
261 1204 448 1245 mortem
468 1203 609 1244 vitare
628 1204 781 1243 monet
800 1212 879 1254 per
899 1201 1118 1244 acumina.
1137 1202 1337 1254 Namque

191 1275 285 1322 Qua
303 1273 480 1315 diducta
503 1283 639 1327 genas
660 1271 914 1325 pandebant
934 1272 1101 1313 lumina
1122 1273 1331 1323 gemmis,

193 1344 284 1385 Hac
299 1342 483 1385 senioris
499 1346 590 1384 erat
611 1344 781 1383 naturae
803 1341 969 1395 pupula
992 1341 1077 1382 telo

192 1414 283 1455 Icta
299 1412 399 1455 levi.
416 1415 526 1453 Tum
550 1411 752 1466 prosiluit
773 1409 1035 1452 furibundus
1051 1442 1060 1460 ‚
1081 1413 1124 1452 et
1143 1409 1269 1452 illum

192 1481 414 1523 Obtritmn
435 1481 566 1522 morti
588 1480 733 1521 misit:
753 1480 823 1521 cni
845 1479 1023 1522 dissitus
1041 1479 1184 1521 omnis

194 1551 378 1603 Spiritus
398 1553 579 1594 excessit
592 1561 758 1592 sensus.
774 1554 881 1590 Tum
905 1553 1029 1591 torva
1048 1551 1276 1592 tenentem

193 1621 376 1667 Lumina
395 1622 585 1674 respexit
601 1622 851 1673 serpentem
869 1620 1116 1661 comminus
1139 1633 1148 1656 z
1170 1617 1273 1661 inde

195 1689 398 1742 Impiger,
420 1689 631 1731 exanimis
649 1720 658 1735 ,
680 1690 752 1730 vix
780 1700 960 1742 compos
981 1692 1131 1732 mente
1149 1720 1159 1739 ‚
1180 1688 1363 1741 refugit,

193 1760 247 1800 Et
265 1757 461 1800 validum
478 1759 630 1801 dextra
651 1762 858 1800 truncum
877 1759 1064 1800 detraxit
1081 1760 1134 1801 ab
1154 1769 1292 1801 orno:

197 1829 276 1876 Qui
298 1839 422 1870 casus
440 1828 627 1871 sociaret
646 1841 774 1883 opem
794 1860 801 1876 ‚
819 1840 1042 1871 nnmenve
1056 1829 1257 1870 deornm.

197 1899 394 1950 Namque
411 1898 472 1939 illi
492 1897 719 1941 dederitne
738 1899 856 1939 viam
876 1910 1055 1941 casusve
1075 1897 1235 1941 deusve
1249 1930 1259 1946 ,

198 1968 392 2012 Prodere
412 1970 468 2012 sit
486 1969 667 2011 dubium
688 1983 697 2006 ε
722 1970 862 2011 voluit
880 1969 957 2012 sed
976 1970 1155 2012 vincere
1173 1970 1281 2011 tales

198 2038 389 2081 Horrida
408 2040 629 2092 squamosi
649 2040 873 2084 volventia
891 2040 1090 2082 membra
1112 2039 1314 2082 draconis
1334 2052 1342 2075 t

198 2112 340 2162 Atque
359 2110 644 2158 reiuctantis,
669 2110 838 2153 crebris
861 2108 1063 2162 icrdeqne
1077 2110 1270 2163 petentis

197 2178 358 2221 Ictibus
376 2211 385 2227 ,
411 2192 509 2222 ossa
529 2180 626 2222 ferit
644 2211 653 2227 ,
678 2181 867 2233 cingunt
888 2191 974 2233 qua
997 2182 1195 2234 tempora
1214 2179 1372 2222 cristae.

199 2252 249 2292 Et
265 2251 384 2303 quod
404 2255 497 2294 erat
517 2251 687 2299 tardus,
705 2251 846 2294 somni
872 2251 1082 2303 languore
1098 2252 1292 2298 remoto,

201 2321 377 2363 Nescius
400 2320 672 2375 adspiciens,
694 2323 828 2363 timor
848 2321 1148 2364 obcaecaverat
1168 2324 1289 2363 artus
1313 2336 1322 2359 :

204 2390 297 2433 Hoc
315 2391 462 2432 minus
479 2391 699 2446 implicuit
717 2391 813 2433 dira
830 2388 1066 2434 formidine
1085 2394 1292 2434 mentem.

204 2463 338 2512 Quem
353 2467 586 2516 postquam
606 2463 720 2505 vidit
739 2474 899 2505 caesnm
918 2461 1229 2514 languescere,
1250 2459 1377 2503 sedit.
