1917 2942
214 320 290 358 403
755 315 918 354 LIBER
950 315 981 352 t.
1471 310 1514 349 75

217 401 521 456 Nequidquam
541 411 659 443 seros
674 400 845 442 exercet
861 402 1026 441 noctua
1054 400 1223 439 cantus.

216 473 411 526 Adparet
423 471 591 525 liquido
610 470 808 512 sublimis
825 470 869 509 in
891 469 992 510 ae're
1009 468 1138 509 Nisus
1153 498 1163 514 ‚

215 546 270 584 Et
288 554 368 597 pro
391 552 615 596 purpureo
631 551 784 594 poenas
805 538 880 580 dat
897 538 1038 590 Scylla
1054 537 1212 590 capillo
1235 553 1244 576 ι

214 615 484 665 Quacumque
503 611 576 653 illa
595 611 740 654 levem
765 609 937 663 fugiens
953 610 1076 650 secat
1092 607 1255 649 aethera
1272 606 1449 660 pennis,

215 685 327 729 Ecce
347 681 576 728 inimicus,
601 683 727 722 atrox
741 710 752 731 ,
769 688 933 730 magno
952 676 1142 719 stridore
1161 687 1240 730 per
1268 686 1392 717 auras

215 750 466 803 Insequitur
486 749 642 791 Nisus:
663 760 749 803 qua
767 759 813 790 se
835 744 920 789 fert
937 746 1066 788 Nisus
1086 744 1140 787 ad
1156 755 1282 787 auras
1302 777 1311 792 ‚

215 821 292 861 llla
314 821 456 863 levem
474 818 645 872 fugiens
660 818 823 872 raptim
837 819 957 860 secat
975 817 1138 858 aethera
1151 816 1323 869 pennis.

215 893 325 931 Tum
343 888 534 942 liquidas
555 888 679 931 corvi
695 899 844 942 presso
862 889 929 932 ter
944 875 1129 939 ¹gutture
1151 895 1284 926 voces

217 961 305 1005 Aut
321 960 477 1010 quater
495 958 794 1010 ingeminant3
812 958 855 998 et
875 966 990 1008 saepe
1007 954 1224 996 cubilibus
1243 953 1363 1000 altis,

216 1027 372 1068 Nescio
388 1038 473 1079 qua
487 1028 647 1080 praeter
662 1026 840 1067 solitum
861 1023 1095 1067 dulcedine
1110 1023 1224 1070 laeti,

214 1097 336 1137 Inter
351 1108 396 1138 se
417 1096 530 1138 foliis
550 1096 785 1149 strepitant
802 1112 812 1143 ;
827 1096 978 1147 Juvat,
999 1093 1212 1135 imbribus
1227 1094 1357 1137 actis,

217 1166 481 1217 Progeniem
499 1176 683 1217 parvam
701 1163 938 1216 dulcesque
958 1163 1151 1205 revisere
1171 1160 1312 1202 nidos.

217 1232 344 1274 Haud
364 1232 569 1285 equidem
589 1232 722 1274 eredo
740 1263 749 1279 ‚
774 1232 875 1290 quia
895 1233 951 1273 sit
968 1230 1179 1272 divinitus
1197 1230 1281 1271 illis

217 1304 473 1355 Ingenium,
497 1307 573 1343 aut
592 1313 741 1344 rerum
767 1301 857 1344 fato
878 1300 1111 1355 prudentia
1131 1304 1295 1353 major:

217 1375 375 1414 Verum
394 1404 402 1421 ,
425 1373 498 1414 ubi
522 1375 755 1426 tempestas
772 1375 816 1413 et
831 1372 930 1413 eseli
948 1372 1123 1412 mobilis
1138 1371 1300 1412 humor

219 1444 441 1485 Mutavere
458 1445 550 1482 vias
568 1472 577 1489 ‚
602 1445 645 1483 et
659 1440 866 1495 Juppiter
883 1440 1046 1482 uvidus
1066 1440 1239 1481 Austris

218 1513 394 1559 Densat,
413 1517 537 1553 erant
553 1523 650 1572 quae
664 1522 765 1553 rara
779 1510 927 1555 modo.
956 1512 1012 1557 et,
1033 1521 1130 1564 quae
1158 1510 1314 1555 densa,
1337 1508 1497 1551 relaxat
1517 1539 1522 1550 .

219 1582 457 1622 vertuntur
470 1581 637 1635 species
656 1580 906 1621 animorum
926 1611 934 1626 ‚
955 1581 1001 1621 et
1012 1581 1193 1632 pectora
1208 1581 1352 1618 motus

220 1649 347 1690 Nunc
362 1649 467 1692 alios
480 1680 489 1696 ,
508 1649 640 1697 alios,
664 1649 770 1690 dum
785 1649 936 1695 nubila
954 1650 1112 1690 ventus
1132 1648 1287 1700 agebat
1308 1681 1314 1695 ,

218 1718 483 1772 Concipiunt
500 1735 510 1768 ;
529 1719 633 1760 hinc
652 1718 725 1760 ille
745 1719 892 1760 avium
911 1720 1151 1761 concentus
1171 1718 1216 1758 in
1232 1717 1367 1769 agris,

217 1791 273 1833 Et
289 1789 399 1829 laetae
419 1787 609 1842 pecudes
628 1820 636 1837 ‚
657 1792 701 1829 et
719 1792 900 1830 ovantes
917 1790 1097 1840 gutture
1116 1788 1254 1829 corvi.

271 1856 315 1896 si
333 1867 438 1898 vero
454 1856 593 1898 solem
610 1856 665 1898 ad
684 1856 890 1911 rapidum
904 1856 1117 1914 lunasque
1133 1857 1370 1909 sequentes

218 1924 383 1968 Ordine
397 1926 602 1980 respicies
619 1958 628 1974 ,
644 1936 871 1979 nunquam
888 1929 928 1968 te
945 1926 1137 1967 crastina
1150 1924 1269 1966 fallet

218 1996 368 2041 Hora,
386 2005 529 2048 neque
550 1993 717 2037 insidiis
738 1996 879 2036 noctis
898 1994 1075 2048 capiere
1094 2004 1278 2035 serenae.

219 2065 365 2109 Luna,
388 2067 655 2106 revertentes
675 2075 811 2117 quum
832 2065 1024 2118 primum
1044 2063 1211 2115 colligit
1229 2063 1374 2114 ignes,

219 2131 260 2176 Si
276 2131 455 2183 nigrum
472 2134 660 2174 obscuro
677 2131 1008 2186 comprenderit
1021 2143 1122 2174 aera
1140 2143 1279 2174 cornu
1296 2162 1304 2178 .

220 2201 428 2243 Maximus
448 2203 649 2254 agricolis
664 2203 912 2256 pelagoque
931 2203 1159 2256 parabitur
1178 2202 1333 2244 imber.

222 2272 293 2317 At,
313 2269 349 2310 si
364 2270 615 2323 virgineum
630 2269 867 2313 suffuderit
882 2283 959 2313 ore
979 2272 1187 2313 ruborem
1205 2303 1214 2318 ‚
1394 2258 1399 2260 ‚

222 2343 385 2383 Ventus
404 2342 511 2389 erit3
531 2346 666 2384 vento
683 2354 855 2396 semper
875 2343 1009 2385 rubet
1026 2354 1158 2385 aurea
1175 2341 1357 2383 Plioebei

209 2409 296 2457 siu
319 2414 417 2453 ortu
440 2415 594 2464 quarto
615 2412 630 2462 <
650 2422 840 2468 namque
858 2413 893 2454 is
919 2413 1185 2459 certissimus
1207 2414 1359 2459 auctor
