1917 2942
290 376 340 413 lis
816 374 981 414 LIBER
1011 375 1067 413 Π.
1544 376 1593 416 77

287 457 527 501 Insecunda
547 458 721 513 quidem
738 487 749 504 ,
772 458 846 499 sed
867 460 965 500 laeta
984 461 1029 500 et
1046 457 1177 501 sortia
1191 460 1391 512 surgunt.

286 529 457 583 Quippe
476 529 570 571 solo
586 530 744 570 natura
762 528 924 570 subest.
945 531 1111 571 Tamen
1129 528 1225 571 haec
1240 539 1432 582 quoque,
1454 530 1488 570 si
1508 531 1605 582 qius

286 599 455 640 luserat
473 629 481 643 .
500 600 577 639 aut
593 597 823 640 scrobibus
841 598 1023 640 mandet
1041 600 1211 640 mutata
1227 598 1418 640 subactis
1431 631 1441 644 .

287 668 497 710 Exuerint
513 668 763 711 silvestrem
779 668 1001 716 animum3
1022 669 1235 721 cultuque
1248 666 1470 720 frequenti

286 739 336 777 In
352 748 636 791 quascunque
650 748 780 780 voces
801 740 914 780 artes
930 737 1049 778 haud
1068 738 1191 779 tarda
1209 749 1374 791 sequen
1382 741 1468 779 tur.

289 809 380 849 Nec
399 818 491 848 non
507 810 552 850 et
569 808 751 857 sterilis,
774 818 871 860 quae
891 806 1100 861 stirpibus
1118 808 1206 848 exit
1220 808 1274 848 ab
1295 807 1417 855 imis,

286 881 383 918 I—Ioc
398 876 554 924 faciet,
573 887 738 920 vacuos
753 877 788 917 si
808 877 864 918 sit
894 876 1064 929 digesta
1082 888 1162 931 per
1183 887 1334 929 agros:

286 948 322 987 N
326 957 412 987 unc
425 946 522 987 altae
542 944 722 987 frondes
740 948 785 987 et
812 946 924 986 rami
941 946 1094 987 matris
1113 948 1326 999 opacant,

286 1014 599 1068 crescentique
615 1013 817 1055 adimunt
831 1013 947 1056 fetus
963 1046 971 1060 ‚
995 1016 1219 1066 uruntque
1239 1012 1469 1056 serentem.

338 1088 364 1125 J
368 1096 461 1133 am,
484 1096 582 1138 quae
599 1084 837 1127 seminibus
849 1085 978 1135 jactis
997 1095 1042 1125 se
1065 1084 1242 1125 sustulit
1257 1084 1385 1126 arbos

284 1152 427 1194 Tarda
445 1153 586 1200 venit,
605 1153 712 1194 seris
732 1151 898 1195 factura
913 1152 1148 1206 nepotibus
1161 1152 1385 1199 umbram;

286 1224 512 1275 Pomaque
532 1222 830 1274 degenerant,
852 1233 1008 1263 succos
1029 1221 1165 1262 oblita
1182 1222 1375 1274 priores3

283 1294 338 1332 Et
353 1294 504 1346 turpes
522 1291 673 1333 avibus
693 1291 892 1346 praedam
910 1290 996 1333 fert
1008 1303 1095 1333 uva
1108 1302 1324 1334 racemos.

286 1360 460 1403 Scilicet
477 1359 681 1402 omnibus
700 1362 765 1402 est
782 1361 906 1402 labor
924 1360 1247 1415 impendendus
1262 1378 1271 1409 ;
1290 1364 1334 1405 et
1353 1373 1506 1404 omnes

285 1429 502 1483 Cogendae
518 1430 567 1470 in
585 1430 759 1473 sulcum
776 1461 787 1480 ,
810 1440 861 1471 ac
879 1430 1019 1472 multa
1037 1430 1241 1473 mercede
1261 1429 1515 1474 domandae.

284 1500 367 1542 Sed
387 1501 556 1542 truncis
575 1500 682 1542 oleae
698 1500 879 1547 melius,
903 1500 1150 1554 propagine
1167 1501 1276 1543 vites

285 1570 595 1623 Respondent,
616 1570 760 1612 solido
776 1569 956 1625 Paphiae
976 1570 1030 1611 de
1048 1568 1209 1612 robore
1220 1571 1394 1622 myrtus
1413 1587 1422 1609 :

287 1640 453 1682 Plan'tis
473 1641 517 1683 et
535 1639 658 1682 durae
680 1638 822 1683 coruli
843 1639 1100 1686 nascuntur,
1120 1639 1164 1680 et
1178 1639 1335 1691 ingens

284 1709 497 1752 Fraxinus
512 1739 522 1758 ,
549 1708 866 1761 Herculeaeque
886 1706 1014 1749 arbos
1035 1706 1239 1749 umbrosa
1258 1718 1436 1750 coronae
1454 1739 1464 1757 ‚

284 1779 555 1834 Chaoniique
573 1780 711 1834 patris
732 1777 912 1832 glandes
929 1794 940 1826 ς
961 1778 1096 1821 etiam
1112 1778 1251 1820 ardua
1266 1777 1415 1831 palma

285 1851 501 1900 Nascitur,
519 1854 564 1894 et
580 1863 704 1894 casus
723 1849 840 1892 abies
858 1851 1007 1892 visura
1025 1848 1239 1891 marinos.

285 1921 498 1964 Inseritur
513 1932 621 1963 vero
637 1923 682 1963 et
702 1918 788 1962 fetu
805 1919 931 1962 nucis
948 1919 1126 1960 arbutus
1140 1917 1324 1961 horrida
1342 1934 1352 1965 ;

284 1996 339 2034 Et
356 1994 524 2036 steriles
540 1992 707 2047 platani
730 1991 869 2033 malos
890 2001 1063 2044 gessere
1081 1990 1303 2038 valentes;

285 2068 511 2107 Castaneas
529 2064 674 2116 fagus,
695 2071 917 2114 ornusque
936 2061 1136 2103 incanuit
1151 2060 1252 2101 albo

286 2135 412 2176 Flore
426 2133 512 2185 piri
531 2163 540 2180 ‚
564 2131 861 2185 glandemque
878 2140 975 2173 sues
992 2128 1164 2181 fregere
1182 2128 1261 2171 sub
1281 2127 1424 2171 ulmis.

337 2204 429 2243 Nec
442 2200 601 2242 modus
615 2200 809 2242 inserere
825 2201 956 2252 atque
976 2198 1127 2240 oculos
1144 2198 1374 2252 imponere
1390 2198 1584 2255 simplex·

287 2274 396 2314 Nam
415 2305 424 2319 ,
443 2282 530 2325 qua
547 2283 592 2314 se
607 2270 755 2313 medio
771 2268 957 2311 trudunt
972 2268 1027 2311 de
1043 2269 1211 2312 cortice
1230 2280 1440 2321 gemmae,

286 2346 338 2385 Et
357 2346 507 2386 tenues
523 2342 739 2395 rumpunt
752 2341 924 2382 tunicas
943 2370 952 2387 ‚
974 2342 1185 2393 angustus
1206 2338 1251 2380 in
1272 2339 1373 2395 ipso

286 2413 355 2453 Fit
374 2412 492 2454 nodo
508 2411 628 2454 sinus
647 2412 760 2453 :huc
775 2411 917 2453 aliena
931 2421 983 2453 ex
1002 2409 1157 2452 arbore
1173 2421 1355 2462 germen

285 2482 524 2527 Includunt
541 2516 550 2533 ,
573 2481 749 2537 udoque
764 2481 929 2525 docent
946 2482 1188 2525 inolescere
1204 2480 1331 2523 libro.
