1917 2942
378 293 457 333 ’³⁴72
767 301 772 307 “
904 294 1157 333 AENEIDOS
1605 296 1677 335 754

379 380 529 421 Haeret
546 377 673 421 hians
690 412 699 427 ,
713 381 804 430 jam
815 380 994 432 jamque
1016 381 1161 426 tenet,
1184 379 1425 434 similisque
1447 383 1615 424 tenenti

375 450 603 502 Increpuit
622 449 768 497 malis,
794 460 1029 501 morsuque
1044 449 1187 491 elusus
1205 450 1326 491 inani
1342 453 1423 492 est.

428 521 539 560 Tum
559 529 665 561 vero
679 518 878 561 exoritur
895 520 1090 560 clamor:
1112 520 1306 573 ripaeque
1323 520 1531 573 lacusque

376 589 659 641 Responsant
673 587 788 629 circa
806 620 817 636 ‚
839 593 883 629 et
905 589 1065 629 coelum
1086 592 1213 631 tonat
1228 599 1360 630 omne
1383 589 1589 630 tumultu.

375 659 450 699 Ille
468 657 599 699 simul
619 656 789 710 fugiens
808 690 817 703 ,
838 659 1025 699 Rutulos
1047 658 1175 699 simul
1191 659 1391 711 increpat
1405 669 1582 704 omnes.

375 728 564 768 Nomine
583 737 802 779 quemque
823 737 1007 778 vocans,
1028 730 1136 769 notu
1145 738 1274 779 mque
1291 725 1503 779 efflagitat
1519 738 1678 768 ensem.

374 799 528 838 AEneas
544 799 733 839 mortem
751 798 931 843 contra,
956 808 1238 851 praesensque
1255 796 1449 839 minatur

372 865 563 907 Exitium
580 896 591 916 ,
621 865 657 905 si
672 866 908 918 quisquam
923 866 1051 907 adeat
1072 882 1082 914 3
1106 868 1328 919 terretque
1347 869 1586 909 trementes
1605 899 1613 915 ‚

371 936 634 977 Excisurum
654 934 808 977 urbem
826 936 1057 983 minitans,
1079 939 1123 977 et
1149 936 1322 978 saucius
1340 936 1490 978 instat.

370 1006 575 1059 Quinque
591 1006 720 1048 orbes
739 1006 919 1059 explent
941 1015 1096 1052 cursu,
1122 1004 1391 1058 totidemque
1411 1010 1613 1048 retexunt

374 1078 475 1117 Huc
492 1075 618 1117 illuc.
646 1077 800 1128 Neque
815 1076 933 1117 enim
951 1075 1066 1117 levia
1086 1077 1162 1116 aut
1178 1074 1347 1116 ludicra
1364 1080 1576 1128 petuntur

372 1145 561 1187 Praemia
579 1161 590 1194 3
612 1145 690 1187 sed
703 1145 840 1186 Turni
856 1143 910 1186 de
931 1145 1021 1186 vita
1041 1148 1086 1186 et
1101 1145 1315 1197 sanguine
1335 1148 1522 1187 certant.

373 1217 503 1257 Forte
521 1225 643 1257 sacer
663 1217 814 1257 Fauno
836 1214 948 1256 foliis
968 1214 1158 1255 oleaster
1175 1215 1334 1255 amaris

375 1286 459 1326 Hic
478 1288 686 1332 steterat.
708 1286 854 1326 nautis
874 1284 983 1326 olim
1002 1283 1255 1326 venerabile
1274 1284 1443 1336 lignum
1464 1299 1473 1322 :

369 1356 542 1397 Servati
559 1366 610 1396 ex
626 1354 758 1397 undis
775 1354 847 1396 ubi
869 1353 1002 1405 figere
1018 1353 1136 1394 dona
1153 1353 1356 1395 solebant

371 1425 580 1468 Laurenti
600 1424 704 1467 divo
723 1456 732 1472 ,
755 1428 799 1466 et
813 1426 937 1465 votas
957 1423 1230 1476 suspendere
1252 1430 1410 1466 vesies.

369 1494 456 1536 Sed
472 1496 653 1549 stirpem
673 1494 832 1537 Teucri
852 1493 980 1535 nullo
996 1493 1253 1536 discrimine
1271 1505 1446 1543 sacrum

369 1565 674 1611 Sustulerant,
698 1575 812 1618 puro
830 1567 878 1606 ut
898 1567 1077 1618 possent
1093 1573 1361 1606 concurrere
1379 1575 1549 1616 campo.

370 1634 455 1676 Hic
472 1633 596 1676 hasta
613 1636 757 1675 AEneae
776 1633 922 1675 stabat
941 1649 950 1672 :
967 1632 1054 1674 huc
1073 1633 1263 1686 impetus
1283 1633 1405 1673 iiiam

370 1705 593 1746 Detulerat
610 1703 739 1744 fixam
753 1735 764 1752 ‚
787 1708 829 1746 et
845 1705 965 1745 lenta
981 1702 1028 1743 in
1041 1702 1188 1744 radice
1204 1703 1396 1745 tenebat.

368 1774 607 1824 Incubuit,
630 1773 859 1826 voluitque
876 1784 1011 1814 manu
1033 1772 1284 1815 convellere
1307 1773 1468 1815 serrum

367 1842 667 1891 Dardanides,
690 1843 868 1896 teloque
886 1843 1008 1896 sequi
1026 1875 1035 1890 ‚
1059 1852 1191 1895 quem
1211 1843 1427 1893 prendere
1443 1854 1572 1884 cursu

369 1916 406 1955 N
412 1924 468 1955 on
488 1916 677 1966 poterat.
698 1916 810 1954 Tum
832 1924 939 1955 vero
960 1924 1111 1954 amens
1134 1911 1372 1956 formidine
1385 1917 1577 1961 Turnus.

369 1999 386 2021 ε
400 1985 568 2033 Faune,
590 1993 762 2035 precor,
777 1984 999 2031 miserere,
1016 1982 1171 2035 inquit;
1190 1987 1325 2036 tuque
1335 1983 1501 2036 optima
1514 1982 1667 2024 ferrum

366 2056 504 2095 Terra
521 2056 622 2094 tene
639 2069 649 2101 ς
667 2051 786 2093 colui
809 2056 977 2094 vestros
997 2052 1030 2093 si
1050 2063 1224 2106 semper
1245 2052 1436 2094 honores
1454 2084 1462 2098 ‚

365 2124 484 2172 Quos
502 2124 655 2163 eontra
669 2121 874 2163 AEneadae
890 2120 1011 2162 helio
1033 2120 1173 2165 fecere
1187 2121 1411 2176 profanos.
1437 2138 1452 2158 »

368 2190 507 2242 Dixit,
525 2201 743 2245 opemque
764 2192 834 2234 dei
851 2201 944 2233 non
966 2203 1085 2235 cassa
1107 2193 1153 2232 in
1170 2195 1273 2233 vota
1291 2192 1482 2234 vocavit.

367 2264 567 2315 Namque
589 2261 665 2303 diu
685 2263 879 2309 luctans,
902 2264 1112 2315 lentoque
1127 2262 1173 2303 in
1194 2263 1330 2314 stirpe
1353 2268 1544 2304 moratus
1563 2292 1571 2309 ,

366 2333 541 2374 Viribus
557 2333 673 2375 haud
688 2333 785 2375 ullis
802 2334 940 2376 valuit
959 2332 1209 2376 discludere
1223 2345 1394 2376 morsus

369 2401 555 2444 Roboris
575 2405 740 2445 AEneas.
768 2405 882 2444 Dum
904 2403 1057 2445 nitilur
1071 2415 1171 2447 acer
1192 2407 1236 2447 et
1252 2405 1406 2448 instat.
