1917 2942
309 343 385 380 208
835 342 1095 382 AENEIDOS
1540 343 1617 384 525

308 433 418 470 'rum
436 429 559 481 pater
577 425 788 468 Anchises
805 437 1016 478 magnum
1035 430 1202 470 cratera
1219 437 1382 470 corona

311 497 475 545 induit,
493 496 784 551 implevitque
806 507 951 543 mero,
971 497 1184 549 divosque
1201 498 1399 543 vocavit,

311 569 437 607 stans
454 565 570 608 celsa
591 566 635 606 in
657 565 807 619 puppi.

369 651 385 672 a
411 636 481 684 Di,
500 636 636 677 maris
655 637 699 676 et
720 641 847 678 terrae
866 636 1263 688 tempestatumque
1282 636 1502 687 potentes,

308 706 437 747 Ferte
451 706 567 748 viam
588 706 723 747 vento
741 704 927 751 facilem,
947 707 992 746 et
1009 705 1174 757 spirate
1194 704 1391 746 secundi.
1413 719 1430 742 »

307 774 602 817 Grebi‘escunt
616 775 776 827 optatce
794 785 926 821 aurae,
944 777 1183 828 portusque
1203 774 1387 827 patescit

306 847 405 885 Jam
425 844 620 898 propior,
644 844 951 899 templumque
970 843 1151 895 adparet
1168 842 1215 883 in
1231 854 1329 885 arce
1344 843 1564 886 Minervae.

307 914 411 956 Vela
430 914 587 966 legunt
603 914 724 962 socii,
748 917 789 956 et
805 923 958 968 proras
975 912 1030 953 ad
1049 912 1178 955 litora
1198 914 1421 965 torquent.

309 985 468 1024 Portus
486 984 539 1025 ab
561 986 707 1025 Euroo
730 980 866 1025 fluctu
883 985 1092 1024 curvatus
1107 983 1154 1023 in
1172 993 1347 1029 arcum;

309 1052 506 1103 Olijectte
524 1051 636 1093 salsa
656 1054 862 1105 spumant
881 1050 1143 1104 adspergine
1160 1053 1331 1097 cautes;

306 1122 404 1174 Ipse
418 1120 526 1162 latet
546 1134 555 1157 z
580 1121 758 1173 gemino
775 1120 1017 1161 demittunt
1035 1119 1211 1161 brachia
1233 1131 1361 1162 muro

305 1189 469 1230 Turriti
484 1186 670 1243 scopuli,
689 1188 937 1242 refugitque
953 1190 1008 1231 ab
1028 1189 1158 1231 litore
1180 1189 1410 1241 templum.

304 1260 506 1307 Quatuor
526 1257 613 1307 hic,
631 1259 824 1312 primum
842 1269 989 1305 omen,
1013 1270 1149 1311 equos
1165 1258 1209 1298 iu
1232 1259 1433 1312 gramine
1451 1257 1541 1300 vidi

305 1328 557 1370 Tondentes
577 1339 783 1382 campum
802 1328 902 1374 late,
924 1327 1118 1369 candore
1140 1328 1290 1369 nivali.

305 1401 360 1438 Et
375 1402 501 1450 pater
518 1398 758 1439 Anchises:
781 1413 795 1433 ιι
812 1396 1004 1440 Bellum.
1029 1408 1055 1438 o
1075 1399 1192 1439 terra
1213 1396 1400 1450 hospita,
1421 1400 1591 1450 porta53

304 1467 431 1510 Bello
452 1471 682 1509 armantur
699 1467 799 1521 equi
815 1483 824 1515 ;
857 1467 1032 1508 bellum
1046 1466 1140 1509 haec
1157 1469 1356 1508 armenta
1375 1466 1617 1506 minantur.

305 1537 391 1578 sed
408 1542 556 1579 tamen
576 1537 691 1579 idem
710 1537 817 1578 olim
839 1549 973 1579 curru
993 1536 1228 1579 succedere
1247 1537 1358 1578 sueti

303 1604 637 1660 Quadrupedes,
659 1607 702 1646 et
724 1604 844 1647 frena
857 1608 968 1658 jugo
983 1605 1223 1648 concordia
1244 1604 1359 1647 serre
1377 1617 1387 1641 ε

305 1678 411 1729 Spes
427 1679 470 1717 et
489 1676 625 1731 pacis,
643 1677 717 1716 ait.
740 1692 755 1714 n
779 1679 892 1717 Tum
907 1676 1093 1717 numina
1116 1679 1266 1718 sancta
1284 1686 1518 1729 precamur

306 1744 501 1787 Palladis
517 1747 764 1794 armisonae,
782 1757 880 1798 quae
899 1747 1044 1799 primu
1065 1746 1239 1800 adcepit
1253 1748 1435 1787 ovantes
1450 1763 1460 1795 3

303 1817 357 1854 Et
373 1816 514 1868 capita
533 1819 634 1857 ante
651 1826 746 1856 aras
761 1814 955 1867 Phrygio
975 1815 1175 1858 velamur
1193 1815 1355 1857 amictu
1372 1833 1383 1864 ;

304 1885 631 1937 Praeceptisque
647 1882 822 1928 Heleni,
843 1883 1026 1927 dederat
1041 1896 1138 1937 qua}
1157 1886 1358 1931 maxima,
1380 1883 1464 1925 rite

305 1953 475 1992 ,iunoni
493 1952 668 2004 Argivae
678 1953 822 2003 J‘ussos
841 1953 1067 1994 adolemus
1088 1952 1294 1995 honores.

359 2020 489 2063 Haud
507 2033 632 2063 mora
650 2037 658 2060 ε
676 2022 905 2066 continuo,
922 2021 1127 2075 perfectis
1143 2022 1299 2063 ordine
1313 2021 1443 2069 votis,

306 2093 488 2133 Cornua
504 2090 753 2134 velatarum
771 2091 1042 2133 obvertimus
1059 2094 1371 2138 antennarum,

305 2159 691 2212 GraJ'ugenumque
711 2160 864 2202 domos
881 2163 1173 2214 suspectaque
1192 2160 1435 2212 linquimus
1450 2172 1567 2203 arva.

308 2230 422 2271 Hinc
438 2230 559 2270 sinus
578 2229 804 2280 Herculei,
824 2230 860 2270 si
878 2241 981 2271 vera
1000 2231 1066 2272 est
1082 2227 1209 2277 fama,
1232 2228 1415 2271 Tarenti

307 2300 529 2342 Cernitur.
548 2299 743 2340 Adtollit
760 2310 806 2341 se
827 2298 929 2341 diva
948 2299 1127 2340 Lacinia
1149 2301 1319 2346 contra,

306 2367 605 2420 Caulonisque
623 2378 758 2414 arces,
776 2370 821 2409 et
835 2366 1113 2420 navifragum
1129 2367 1400 2420 Scylaceum.

306 2439 418 2479 Tum
435 2437 595 2490 procul
615 2448 638 2478 e
657 2436 791 2479 tinctu
809 2437 1034 2479 Trinacria
1055 2438 1252 2480 cernitur
1274 2440 1426 2484 AEtna;
