1917 2942
289 321 367 361 255
789 326 816 363 L
828 326 954 363 [BER
984 325 1058 364 IV.
1529 325 1610 363 ¹:25.

292 408 516 451 Deformat
533 410 722 458 macies;
747 412 841 450 tum
864 412 1167 464 corporaluce
1183 414 1411 452 carentum

289 481 530 532 Exportant
551 480 675 521 tectis
693 511 702 528 ‚
726 483 771 520 et
796 479 934 521 tristia
956 478 1115 521 funera
1132 478 1331 521 ducunt:

288 552 378 589 Aut
393 549 477 589 illae
497 548 682 603 pedibus
697 560 907 591 connexa}
924 548 984 589 ad·
1002 550 1154 590 limina
1167 549 1386 603 pendent,

289 619 377 657 Aut
398 616 515 658 intus
531 617 685 658 clausis
704 619 972 659 cunctantur
989 618 1035 659 in
1054 616 1241 660 aedibus.
1267 629 1422 659 omnes

283 688 545 739 Ignavaeque
565 685 677 728 fame
695 690 739 729 et
753 690 981 729 contracto
1001 685 1164 738 frigore
1182 687 1336 740 pigrae.

285 757 397 795 Tum
417 766 550 797 sonus
568 754 743 796 auditur
762 755 956 808 gravior,
982 755 1244 807 tractimque
1264 760 1498 796 susurrant
1517 773 1525 795 :

285 823 484 877 Frigidus
502 827 553 865 ut
566 824 796 877 quondam
812 824 932 866 silvis
951 825 1268 866 immurmurat
1282 827 1440 866 Auster
1456 841 1465 872 ;

287 896 344 934 Ut
360 906 481 938 mare
496 895 735 938 sollicitum
756 895 906 937 stridit
921 894 1207 938 refluentibus
1227 895 1354 937 undis
1373 911 1382 942 ;

286 966 449 1006 AEstuat
470 971 519 1006 ut
549 965 707 1007 clausis
721 964 900 1019 rapidus
916 964 1169 1008 fornacibus
1189 965 1320 1019 ignis.

283 1035 366 1076 Hic
376 1037 466 1086 jam
482 1036 716 1089 galbaneos
733 1035 925 1078 suadebo
940 1036 1179 1078 incendere
1193 1036 1354 1079 odores
1373 1069 1381 1080 ,

284 1105 503 1159 Meliaque
526 1100 781 1148 arundineis
802 1105 975 1148 inferre⁴
990 1106 1235 1153 canalibus,
1269 1108 1388 1148 uitro

284 1176 323 1214 H
329 1178 552 1218 o-rtantem
568 1178 612 1217 et
629 1174 761 1217 tessas
776 1175 830 1216 ad
845 1175 1003 1229 pabula
1022 1175 1393 1219 nota-vocantem.

282 1243 489 1285 Proderit
503 1246 547 1286 et
566 1247 743 1284 tunsum
764 1243 887 1296 galias
903 1244 1144 1286 admiscere
1160 1255 1365 1298 saporem
1380 1274 1386 1286 ,

283 1315 554 1365 Arentesque
573 1324 720 1360 rosas,
741 1318 814 1355 aut
831 1312 921 1366 igni
938 1313 1118 1366 pinguia
1130 1314 1275 1356 multo

280 1381 484 1429 Defruta,
508 1383 578 1424 vel
595 1383 767 1435 psythia
784 1394 935 1439 passos
956 1383 1011 1425 de
1032 1383 1119 1425 vite
1139 1394 1339 1426 racemos
1357 1417 1364 1430 ,

280 1452 630 1504 Cecropiumque
651 1453 851 1503 thymum
867 1483 876 1500 ,
900 1454 943 1494 et
958 1462 1093 1504 grave
1109 1453 1274 1494 olentia
1292 1458 1387 1495 cen-i
1398 1464 1551 1502 aurem

278 1524 354 1562 Est
368 1521 501 1564 etiam
514 1519 592 1562 flos
608 1522 654 1563 in
668 1524 804 1575 pratis
824 1553 834 1569 ‚
857 1523 928 1564 cui
950 1533 1117 1565 nomen
1137 1523 1296 1565 amello

278 1594 437 1634 Fecere
457 1593 660 1645 agricolas
679 1623 687 1637 ‚
705 1591 842 1635 facilis
860 1592 1155 1648 quaereniibus
1171 1591 1329 1641 herba3

277 1662 471 1714 Namque
490 1673 581 1704 uno
600 1663 833 1714 ingentem·
846 1662 959 1704 tollit
986 1662 1040 1704 dc
1056 1663 1218 1716 cespite
1234 1664 1412 1708 silvam,

277 1733 449 1772 Aureus
464 1732 582 1785 ipse3
603 1731 740 1773 sedin
759 1730 870 1773 foliis
891 1764 899 1776 .
924 1742 1022 1784 quae
1044 1731 1234 1785 plurima
1254 1732 1425 1774 circum

275 1798 555 1846 Funduntur,
578 1800 706 1842 violas
721 1801 921 1842 sublucet
934 1811 1133 1854 purpura
1151 1800 1316 1853 nigram

275 1870 398 1924 Saepe
419 1869 548 1912 desim
568 1871 691 1913 nexis
710 1874 877 1912 ornatae
900 1871 1127 1923 torquibus
1144 1881 1255 1919 arae;

276 1942 414 1992 Asper
427 1941 475 1981 in
494 1951 571 1982 ore
587 1952 743 1995 sapor3
767 1941 905 1982 tonsis
928 1942 973 1980 in
985 1939 1169 1990 vallibus
1190 1941 1323 1982 iilum·

276 2011 501 2057 Pastores,
525 2014 568 2054 et
582 2022 716 2052 curva
734 2012 887 2063 legunt
905 2022 1047 2063 prope
1067 2008 1248 2053 flumina
1269 2012 1426 2054 Meiiae.⁸

273 2081 417 2131 Hujus
436 2080 621 2122 odorato
636 2080 805 2123 radices
825 2080 1016 2131 incoque
1036 2079 1232 2133 Baccho,

275 2148 524 2202 Pabulaque
538 2150 583 2189 in
597 2147 764 2191 foribus
783 2148 922 2203 plenis
943 2148 1119 2203 adpone
1136 2151 1351 2194 canistris.

327 2218 435 2266 Sed,
467 2220 501 2260 si
517 2230 648 2274 quem
666 2220 813 2273 proles
833 2219 982 2261 subito
1002 2218 1216 2263 defecerit
1229 2225 1393 2267 omnis,

273 2290 309 2329 N
316 2300 366 2331 ec
380 2299 519 2342 genus
535 2287 655 2331 unde
671 2299 797 2329 novae
815 2289 961 2342 stirpis
978 2293 1226 2339 revocetur,
1247 2291 1425 2334 habebit
1444 2310 1464 2341 ;N

272 2361 462 2412 Tempus
489 2361 534 2401 et
552 2357 731 2400 Arcadii
749 2359 1040 2401 memoranda
1055 2360 1472 2415 inventsmagistril-

274 2427 483 2476 Pandere,
508 2439 686 2481 quoque
705 2429 839 2470 modo
855 2428 977 2471 car-sis
990 2429 1081 2480 jam
1103 2431 1447 2483 saepesjuveucisv

1377 2525 1417 2562 a..
