1917 2942
367 311 445 350 5¹2
896 309 1150 348 AENssinos
1598 295 1675 350 50ss

365 402 465 452 lpse
482 396 614 439 deum
637 396 865 448 antiquam
885 395 1061 446 genitor
1078 393 1305 445 Calydona
1322 395 1488 435 Dianae.
1552 394 1683 444 item?

372 466 502 518 Quod
518 467 658 508 scelus
672 469 748 507 aut
768 463 971 520 Lapithas
982 466 1106 506 tantu
1116 477 1173 512 m,
1192 463 1500 514 autCalydona
1513 474 1682 506 meren-

367 536 448 576 Ast
462 546 542 587 ego
558 545 720 588 magna
737 535 858 575 Jovis
878 534 1042 583 conjux
1064 533 1127 572 nil
1149 534 1352 585 linquere
1375 533 1582 575 inausum

369 608 475 655 Quae
490 604 617 659 potui
632 604 796 649 intem,
817 614 912 654 quae
933 605 1099 644 memet
1115 603 1162 643 in
1179 603 1325 643 omnia
1343 602 1473 650 verti,

370 675 535 715 vincor
549 674 601 714 ab
620 676 775 716 AEnea!
802 672 929 723 Quod
952 673 985 714 si
1009 683 1105 714 mea
1119 672 1307 713 numina
1328 683 1421 713 non
1441 676 1545 714 sunt

371 745 507 787 Magna
518 741 622 782 sati53
631 742 805 777 dubitem
818 742 920 778 haud
931 741 1112 785 equidem
1121 742 1331 786 implorare
1340 742 1437 786 quod
1449 751 1611 787 usquam
1622 744 1673 777 esi
1691 758 1698 765 -

374 804 574 847 Flectere
593 804 632 852 si,
650 815 822 856 nequeo
842 814 1037 856 superos,
1061 802 1312 845 Acheronta
1333 804 1535 845 movebo.

373 874 474 915 Non
495 874 674 915 (labitur
692 875 840 925 regnis
858 873 992 923 (esto)
1014 872 1250 925 prohibere
1271 873 1448 919 Latinis,

377 945 523 995 Atque
545 944 726 985 immota
750 945 898 985 manet
919 943 1015 983 fatis
1034 943 1216 984 Lavinia
1237 945 1425 994 conjux:

375 1016 432 1053 At
449 1011 640 1059 trahere,
669 1016 800 1065 atque
815 1022 961 1053 moras
979 1012 1111 1053 tantis
1127 1011 1229 1052 licet
1244 1009 1406 1053 addere
1423 1011 1555 1052 rebus
1575 1027 1582 1049 ι

379 1084 438 1122 At
453 1082 558 1124 licet
573 1081 807 1123 amborum
823 1082 1016 1136 populos
1031 1079 1286 1122 exscindere
1306 1091 1477 1133 regum.

378 1154 471 1193 Hac
489 1162 625 1204 gener
644 1156 775 1204 atque
794 1161 919 1192 socer
939 1151 1098 1192 coeant
1111 1151 1317 1192 mercede
1335 1162 1532 1192 suorum.

378 1223 599 1274 Sanguine
612 1224 801 1272 'trojano
823 1223 866 1263 et
883 1219 1051 1261 Rutulo
1068 1218 1291 1267 dotabere,
1308 1221 1432 1270 virgo
1450 1236 1459 1267 ;

379 1292 432 1329 Et
445 1290 627 1332 Bellona
643 1294 789 1332 manet
808 1292 849 1331 te
860 1289 1080 1342 pronuba.
1097 1289 1132 1327 N
1139 1298 1188 1330 ec
1202 1287 1294 1329 face
1309 1290 1481 1331 tantum

377 1359 529 1401 Cisseis
548 1370 783 1413 praegnans
800 1358 922 1410 ignes
938 1359 1064 1399 enixa
1075 1356 1244 1409 jugales
1260 1372 1270 1403 ;

380 1429 498 1478 Quin
515 1428 634 1470 idem
647 1428 807 1477 §seueri
824 1431 973 1480 partus
994 1438 1098 1468 suus
1116 1459 1125 1474 ,
1145 1430 1188 1469 et
1208 1427 1327 1467 Paris
1346 1427 1477 1474 alter,

384 1500 674 1550 Funestaeque
690 1497 854 1538 iterum
873 1495 1073 1538 recidiva
1088 1496 1135 1536 in
1152 1498 1365 1548 Pergama
1383 1496 1519 1538 taedae.
1542 1513 1556 1535 η

435 1571 542 1609 Haec
561 1567 635 1609 uhi
652 1566 767 1609 dieta
788 1566 935 1613 dedit,
962 1569 1099 1609 terras
1119 1565 1342 1609 horrenda
1363 1567 1547 1618 petivit„

383 1636 641 1679 Luctificam
660 1637 829 1679 Allecto
849 1637 1043 1679 dirarum
1067 1637 1119 1678 ab
1139 1634 1241 1679 sede
1257 1648 1460 1679 sororum

381 1706 660 1761 Infernisque
676 1707 762 1749 ciet
784 1707 974 1749 tenebris
992 1725 1000 1748 ι
1023 1709 1091 1748 cui
1112 1707 1255 1749 tristia
1269 1707 1384 1750 bella
1401 1740 1411 1755 ,

389 1782 557 1830 Iraeque
577 1808 586 1824 ,
604 1776 863 1830 insidiaeque
877 1807 886 1823 ‚
909 1779 950 1818 el
969 1777 1154 1819 crin·1ina
1172 1776 1302 1817 noxia
1322 1776 1457 1818 cordi.

384 1847 489 1889 Odit
504 1853 545 1889 et
561 1845 656 1898 ipse
673 1848 795 1897 pater
819 1847 1008 1894 Pluton,
1030 1845 1163 1888 odere
1186 1856 1358 1888 sorores

384 1921 604 1958 Tartareae
623 1918 872 1958 monstrum
891 1931 900 1954 ι
925 1917 989 1957 tot
1002 1926 1095 1956 sese
1113 1915 1245 1957 vertit
1261 1918 1315 1968 in¹
1328 1927 1407 1958 ora
1426 1946 1434 1960 ‚

384 1991 489 2028 Tam
504 1996 629 2028 saevae
649 1985 781 2027 facies
798 2016 807 2032 ‚
828 1987 894 2026 tot
906 1983 1096 2038 pullulat
1115 1989 1208 2025 atra
1224 1984 1437 2026 colubris.

387 2062 529 2107 Quam
546 2057 664 2096 ,Iuno
682 2054 747 2095 his
767 2054 882 2096 acuit
898 2054 1040 2097 verbis
1058 2084 1068 2105 ,
1088 2065 1138 2095 ac
1157 2054 1260 2096 talia
1278 2053 1392 2097 i‘atur
1410 2071 1420 2094 z

444 2140 460 2162 α
482 2128 609 2166 Hunc
621 2122 728 2164 mihi
743 2123 797 2164 da
812 2123 1056 2178 proprium.
1075 2123 1199 2174 virgo
1212 2125 1303 2165 sata
1320 2125 1471 2171 Nocte,
1487 2123 1695 2171 laborem,

389 2196 515 2235 Hanc
535 2186 717 2245 operam
735 2223 744 2237 .
767 2203 823 2235 ne
840 2195 989 2232 noster
1004 2191 1147 2233 honos
1167 2190 1411 2235 infractave
1425 2192 1552 2235 cedat

388 2267 519 2307 Fama
542 2263 640 2305 loco
660 2278 669 2302 ε
693 2273 777 2304 neu
800 2261 1034 2305 connubiis
1051 2261 1216 2306 ambire
1234 2263 1438 2303 Latinum

392 2333 593 2376 AEneadae
612 2333 796 2388 possint,
816 2331 1004 2375 Italosve
1022 2331 1223 2375 obsidere
1241 2332 1366 2374 fines.

390 2408 454 2445 'ru
472 2407 594 2458 potes
614 2403 848 2447 unanimos
860 2414 1029 2445 armare
1046 2402 1090 2443 in
1111 2402 1264 2456 przrlia
1285 2402 1441 2445 fratres
1458 2436 1465 2447 i
