1917 2942
415 335 488 373 4320
963 335 1165 374 cunux,
1595 380 1600 382 ‚
1637 335 1700 373 mi

412 423 610 473 lpsaeque
629 420 845 463 excedunt
865 419 919 461 ad
939 430 1110 461 summa
1126 420 1358 461 cacumina
1371 419 1499 461 lentas
1518 450 1526 465 ,

411 492 695 544 Pinguntque
712 491 915 533 aureolos
931 491 1059 532 viridi
1081 489 1249 543 pallore
1269 490 1515 541 corymbos

416 561 521 611 Quis
542 560 695 602 aderat
711 561 870 602 veteris
890 561 1060 611 myrtus
1078 569 1167 600 non
1188 559 1332 601 nescia
1350 557 1441 599 fati.

417 635 470 672 At
489 631 691 672 volucres
709 629 873 682 patulis
892 629 1132 671 residentes
1152 628 1297 670 dulcia
1316 628 1447 669 ramis

415 701 620 741 Carmina
642 711 721 751 per
739 700 885 740 varios
904 697 1044 740 edunt
1067 699 1316 740 resonantia
1337 700 1508 739 cantus.

418 770 494 808 His
515 769 691 810 suberat
711 767 867 820 gelidis
886 778 1071 808 manans
1096 778 1119 808 e
1138 766 1334 808 fontibus
1355 766 1474 807 unda
1498 783 1507 806 z

417 840 522 888 Quae
543 838 710 880 levibns
733 838 954 890 placidum
973 838 1079 879 rivis
1102 840 1227 878 sonat
1246 841 1342 879 orta
1364 838 1604 890 liquoren13

417 909 491 954 Et,
515 918 764 960 quanquam
783 908 978 960 geminas
996 908 1140 948 avium
1160 916 1244 948 vox
1260 907 1472 960 obstrepit
1486 916 1611 948 aures
1629 936 1637 951 ‚

418 979 545 1019 Hanc
565 978 758 1029 querulas
778 975 979 1020 referunt
1000 987 1155 1023 voceS‚
1177 975 1269 1028 quis
1287 978 1438 1019 nantia
1458 976 1566 1017 limo

419 1048 810 1101 corporalympha
830 1046 962 1089 fovet.
984 1047 1159 1088 Sonitus
1180 1046 1258 1087 alit
1278 1046 1387 1087 aeris
1406 1046 1552 1093 Echo;

420 1118 600 1170 Argutis
619 1121 663 1159 et
684 1121 844 1160 cuncta
866 1116 1060 1159 fremunt
1080 1116 1239 1157 ardore
1260 1115 1437 1159 cicadis.

421 1190 481 1229 At
499 1187 617 1229 circa
635 1187 795 1241 passim
817 1185 936 1228 iessae
954 1187 1148 1228 cubuere
1164 1186 1339 1238 capellae
1358 1216 1367 1232 ‚

422 1256 702 1308 Excelsisque
726 1268 856 1310 super
873 1256 1016 1298 dumis
1039 1272 1049 1295 ε
1068 1267 1178 1308 quos
1198 1256 1357 1298 leniter
1377 1253 1543 1297 adilane

426 1329 547 1367 Aura
562 1326 829 1367 susurrantis
845 1326 981 1380 possit
997 1323 1269 1366 confundere
1285 1325 1419 1367 venti.

478 1398 649 1443 Pastor,
666 1399 714 1440 ut
732 1395 785 1436 ad
806 1394 972 1436 fontem
995 1393 1131 1436 densa
1146 1395 1365 1446 requievit
1378 1395 1425 1435 in
1441 1395 1595 1435 umbra
1609 1427 1620 1441 ,

427 1464 576 1505 Mitem
594 1464 800 1517 concepit
819 1465 1041 1514 proiectus
1064 1462 1259 1503 membra
1281 1473 1489 1515 soporem
1507 1493 1517 1509 ‚

427 1535 597 1575 Anxius
616 1534 783 1576 insidiis
803 1534 934 1575 nullis
955 1545 964 1569 t
989 1532 1066 1576 sed
1083 1533 1227 1574 lentus
1242 1532 1286 1573 in
1307 1532 1457 1575 herbis

428 1607 593 1647 Securo
614 1615 784 1656 pressos
803 1614 959 1646 somno
981 1602 1268 1644 mandaverat
1289 1605 1409 1644 artus
1431 1619 1440 1642 ε

430 1675 600 1716 Stratus
618 1673 743 1715 humi
759 1672 932 1715 dulcem
953 1672 1155 1726 capiebat
1171 1672 1306 1714 corde
1324 1673 1515 1725 quictem
1541 1689 1550 1712 ε

429 1745 479 1785 Ni
500 1747 606 1785 Fors
629 1744 818 1786 incertos
831 1744 1029 1796 jussisset
1049 1742 1210 1785 ducere
1229 1753 1368 1785 casus.

429 1815 540 1854 Nam
560 1814 735 1856 solitum
757 1816 944 1858 volvens
966 1815 1018 1857 ad
1038 1817 1212 1867 tempus
1239 1815 1448 1857 tractibus
1465 1813 1604 1857 isdem

429 1884 638 1926 Immanis
659 1886 778 1928 vario
798 1885 1042 1927 maculatus
1059 1895 1245 1936 corpore
1269 1895 1448 1937 serpens
1462 1916 1472 1933 ‚

431 1958 594 1997 Mersus
613 1956 720 1997 utin
741 1955 844 1997 limo
862 1966 1024 2007 magno
1040 1954 1286 1997 subsideret
1301 1958 1407 1997 aestu
1428 1986 1436 1999 .

433 2025 572 2067 Obvia
589 2025 782 2068 vibranti
802 2037 986 2079 carpens
1006 2026 1149 2078 gravis
1169 2026 1270 2067 aera
1290 2026 1465 2079 lingna,

434 2099 695 2147 Squamosos
714 2096 801 2139 late
822 2096 1056 2149 torquebat
1073 2095 1264 2137 motibus
1285 2096 1430 2138 orbes.

434 2167 662 2209 Tollebant
677 2179 792 2210 aurae
809 2169 1026 2210 venientis
1042 2167 1098 2209 ad
1114 2167 1263 2209 omnia
1280 2168 1411 2209 visus.

435 2241 460 2278 J
466 2249 535 2278 am
556 2239 693 2289 magis
717 2242 849 2291 atque
864 2238 999 2290 magis
1016 2249 1177 2290 corpus
1196 2237 1439 2279 revolubile
1456 2236 1636 2279 volvens

438 2308 625 2350 Adtollit
640 2309 789 2351 nitidis
804 2315 956 2363 pectus
978 2308 1215 2362 fulgoribus
1230 2341 1241 2360 ‚
1262 2312 1306 2352 et
1320 2320 1364 2352 se

441 2377 623 2419 Sublimi
645 2379 819 2421 cervice
835 2380 953 2432 rapit
970 2390 978 2416 t
1003 2380 1075 2421 cui
1094 2379 1225 2421 crista
1240 2390 1429 2434 superne

441 2449 567 2491 Edita
587 2461 811 2504 purpureo
831 2449 981 2493 lucens
1001 2450 1244 2494 maculatur
1264 2450 1426 2492 amictu
1444 2481 1452 2497 ‚
