1917 2942
235 294 285 332 94
773 292 937 332 LIBER
969 293 1001 331 Ι.
1471 292 1546 330 459

234 377 353 419 Talia
372 386 478 419 voce
495 374 655 418 refert:
679 390 694 413 ι(
712 378 747 416 Ο
771 377 922 429 terque
942 380 1183 428 quaterque
1201 375 1333 423 beati,

233 447 337 497 Quis
356 449 457 488 aute
473 457 550 488 ora
566 448 756 500 patrum,
780 447 922 497 Trojae
938 445 1018 487 sub
1036 445 1254 487 moenibus
1274 446 1386 493 altis,

233 517 677 569 Contigitoppetere!
700 517 735 555 O
759 515 957 556 Danaum
982 513 1223 557 fortissime.
1243 516 1389 567 gentis

235 585 418 638 Tydide,
443 596 573 628 mene
590 585 732 628 Iliacis
750 584 1014 627 occumbere
1031 585 1195 638 campis
1264 590 1266 592 ’

235 656 271 694 Ν
279 665 337 695 on
353 656 560 709 potuisse,
586 656 752 708 tuaque
778 655 973 695 animam
995 653 1110 696 hane
1126 653 1358 696 eliuudere
1374 653 1525 696 dextra
1542 657 1549 693 ἔ

232 727 382 766 Saevus
403 723 477 765 ubi
498 724 687 766 AEaeidae
709 725 795 766 telo
808 725 928 775 jacet
950 726 1130 772 Hector,
1154 724 1230 765 ubi
1246 725 1402 777 iugens

234 793 461 846 Sarpedon
478 825 486 837 .
510 793 585 834 ubi
604 795 669 835 tot
682 795 840 835 Simois
857 797 1064 848 correpta
1083 795 1163 836 sub
1182 794 1314 836 undis

234 868 366 906 Scuta
383 863 531 904 vir-Cim
547 864 777 917 galeasque
796 866 840 905 et
861 861 991 905 fortia
1011 874 1195 917 corpora
1213 864 1375 906 volvit!
1400 880 1415 901 n

288 933 413 974 Talia
430 934 614 984 jactanti
633 933 822 975 stridens
841 933 1062 986 Aquilone
1079 933 1273 987 procella

236 1003 389 1044 velum
407 1001 587 1043 adversa
607 1001 686 1045 feri
694 1005 722 1049 t,
743 1001 988 1054 fluctusque
1005 1001 1059 1042 ad
1074 1001 1218 1045 sidera
1236 1002 1364 1044 tollit.

236 1074 523 1125 Franguntur
541 1073 652 1114 remi
676 1088 686 1112 z
708 1074 803 1113 tum
826 1081 959 1122 prora
981 1072 1151 1118 avertit,
1175 1074 1219 1112 et
1237 1070 1368 1111 undis

238 1145 322 1184 Dat
340 1142 451 1183 latus
466 1158 477 1190 ;
499 1142 744 1194 insequitur
758 1141 936 1183 cumulo
948 1143 1202 1194 praeruptus
1218 1151 1341 1193 aquae
1357 1150 1502 1181 mons.

236 1212 293 1251 Hi
313 1221 487 1252 summo
505 1212 552 1251 in
575 1209 712 1251 fluctu
734 1209 932 1265 pendent
952 1224 960 1246 z
985 1209 1056 1250 his
1078 1207 1199 1250 unda
1219 1208 1448 1251 dehiscens

235 1283 419 1321 Terram
437 1280 552 1321 inter
571 1277 731 1320 fluctus
752 1279 894 1331 aperit
917 1291 927 1314 ι
952 1277 1061 1320 furit
1081 1281 1211 1318 aestus
1228 1278 1389 1320 arenis.

235 1353 338 1392 Tres
363 1352 503 1391 Notus
524 1350 724 1402 abreptas
745 1350 790 1389 in
810 1360 914 1391 saxa
934 1348 1115 1390 latentia
1134 1350 1310 1401 torquet

238 1422 363 1468 (Saxa
382 1424 545 1462 vocant
562 1419 675 1466 Itali,
699 1417 854 1460 mediis
878 1430 976 1471 quae
997 1418 1042 1459 in
1064 1417 1285 1466 fluetibus,
1308 1423 1415 1462 Aras
1436 1422 1472 1470 ):

240 1495 430 1534 Dorsum
453 1493 646 1533 immane
661 1492 774 1531 mari
793 1502 984 1532 summo.
1004 1495 1111 1533 Tres
1128 1494 1271 1533 Eurus
1293 1493 1345 1534 ab
1364 1493 1453 1535 alto

242 1563 295 1602 ln
322 1561 471 1603 brevia
489 1565 533 1603 et
550 1564 688 1612 syrtes
709 1564 851 1614 urget,
873 1559 1120 1602 miserabile
1138 1561 1250 1607 visu,

238 1630 467 1683 Illislitque
485 1630 622 1680 vadis,
646 1631 776 1683 atque
797 1640 954 1682 aggere
975 1630 1114 1682 cingit
1131 1640 1293 1671 arenae.

243 1702 400 1745 Unam,
423 1710 520 1753 quae
540 1699 698 1750 Lycios
719 1696 945 1751 fidumque
961 1698 1149 1741 vehebat
1168 1701 1383 1743 Oronten.

244 1769 385 1823 Ipsius
406 1773 509 1810 aute
526 1768 674 1810 oeulos
689 1768 845 1820 iugens
865 1779 890 1810 a
909 1768 1075 1811 vertice
1095 1774 1257 1817 pontus

240 1840 293 1879 In
313 1839 499 1893 puppim
516 1838 616 1879 ferit
634 1855 642 1878 :
660 1839 892 1885 excutitur,
913 1849 1167 1892 pronusque
1190 1839 1400 1890 magister

240 1910 444 1951 Volvitur
464 1909 509 1949 in
529 1912 688 1961 capum
713 1910 777 1949 ast
797 1908 917 1949 illam
936 1911 1003 1950 ter
1025 1907 1183 1949 fluetus
1199 1908 1363 1950 ibidem

241 1981 435 2032 Torquet
454 1988 586 2030 agens
602 1979 783 2024 circum,
799 1979 843 2019 et
857 1977 1036 2030 rapidus
1049 1981 1177 2018 vorat
1193 1989 1372 2031 aequore
1390 1980 1558 2020 vortex.

242 2047 472 2101 Adparent
500 2047 586 2088 rari
605 2049 761 2089 nantes
779 2047 825 2088 in
846 2046 1024 2099 gurgite
1040 2050 1187 2094 vast03

241 2124 375 2160 Arma
395 2118 555 2163 virum,
581 2117 840 2168 tabulaeque,
863 2119 909 2156 et
927 2119 1060 2158 Troia
1079 2128 1185 2169 gaza
1203 2129 1282 2170 per
1301 2117 1459 2158 undas.

243 2192 344 2230 Jam
364 2188 554 2232 validam
573 2188 727 2229 Ilionei
750 2198 927 2237 navem,
945 2189 1037 2238 jam
1058 2186 1182 2229 fortis
1203 2186 1399 2234 Achatze.

243 2260 301 2300 Et
315 2270 402 2312 qua
414 2259 566 2300 vectus
585 2259 715 2304 Abas,
739 2259 783 2299 et
801 2269 886 2310 qna
905 2257 1166 2310 grandaevus
1184 2258 1345 2305 Aletes,

247 2329 363 2372 Vicit
378 2328 519 2370 hiems
537 2344 548 2368 ι
566 2327 672 2370 laxis
686 2328 875 2369 laterum
892 2328 1180 2382 compagibus
1197 2339 1354 2370 ornnes

251 2399 494 2453 Adcipiuut
510 2397 738 2440 inimicum
761 2397 1189 2458 iinbreni‚31·imisque
1210 2397 1430 2438 fatiscunt.

1340 2505 1402 2545 (Ο.
