1917 2942
235 347 285 385 75
751 346 916 386 LIBER
947 347 1025 386 111.
1470 349 1544 388 {95

233 433 375 478 Quam
391 429 490 483 pius
510 431 771 473 Arcitenens
787 464 796 480 ,
820 443 919 473 oras
944 433 990 473 et
1002 431 1133 474 litora
1148 434 1319 475 circum

233 501 466 542 Errantem
486 530 496 546 ,
519 501 668 551 Gyaro
685 503 801 543 celsa
824 505 1101 554 Myconoque
1123 503 1333 550 revinxit,

235 571 555 622 Immotamque
571 569 653 611 coli
677 569 819 617 dedit,
844 572 889 612 et
908 573 1198 613 contemnere
1212 574 1385 616 ventos.

237 643 333 681 H-uc
357 639 474 682 feror
498 658 509 679 ι
528 640 625 682 haec
644 639 779 683 fessos
796 644 896 684 tuto
911 641 1210 696 placidissima
1228 647 1364 696 portu

236 709 429 763 Adcipit.
448 710 620 762 Egressi
640 721 907 753 veneramur
923 712 1144 765 Apollinis
1162 714 1335 755 urbem.

164 829 168 832 ¹
239 780 330 820 Rex
344 777 510 824 Anius,
533 790 610 819 rex
625 777 743 820 idern
769 778 1005 821 hominum
1032 781 1275 833 Phoebique
1293 782 1518 825 sacerdos·

235 846 361 887 vittis
380 849 423 888 et
441 857 565 888 sacra
584 845 817 888 redimitus
836 850 1039 902 tempora
1057 849 1207 895 lauro.

238 912 445 955 Occurrit
466 925 476 952 ι
494 915 693 955 veterem
712 913 934 956 Anchisen
957 915 1189 967 adgnoscit
1208 915 1419 958 amicum.

236 982 472 1035 Jungimus
493 982 689 1034 hospitio
710 983 885 1026 dextras
904 1016 912 1032 ‚
936 987 982 1027 et
1002 987 1120 1026 tecta
1136 985 1353 1028 subimus.

243 1051 426 1105 Templa
445 1051 512 1092 dei
533 1062 636 1093 saxo
652 1053 896 1093 venerabar
911 1055 1084 1095 structa
1104 1058 1279 1096 vetusto
1303 1072 1312 1095 :

241 1136 257 1157 a
278 1124 343 1161 Da
363 1121 605 1174 propriam,
627 1121 905 1174 Thymbraee,
926 1123 1129 1164 domum!
1151 1123 1208 1165 da
1230 1125 1395 1166 moenia
1415 1126 1549 1172 fessis,

240 1193 293 1230 Et
312 1201 452 1242 genus
472 1220 482 1240 ‚
508 1191 553 1232 et
567 1202 820 1233 mansuram
842 1193 1026 1234 urbem!
1047 1203 1176 1235 serva
1195 1193 1334 1235 altera
1351 1197 1490 1246 Trojae

241 1263 476 1313 Pergama,
497 1261 706 1313 reliquias
729 1261 927 1304 Danaum
944 1264 1075 1315 atque
1091 1262 1273 1304 immitis
1292 1263 1474 1306 Achilli!

240 1332 382 1380 Quem
417 1330 677 1382 sequimur?
696 1342 842 1384 quove
857 1332 922 1374 ire
940 1332 1102 1383 jubes?
1120 1332 1197 1373 ubi
1217 1343 1385 1386 ponere
1399 1331 1557 1376 sedes?

242 1403 304 1441 Da
322 1432 332 1449 ,
352 1402 495 1455 pater,
523 1401 783 1453 augurium3
804 1406 934 1455 atque
955 1402 1113 1443 animis
1142 1402 1322 1444 illabere
1338 1404 1519 1445 nostris.
1541 1420 1557 1441 ι

293 1472 372 1512 Vix
394 1471 575 1514 casatus
595 1482 714 1513 eram
734 1488 743 1511 :
764 1475 950 1515 tremere
971 1472 1120 1514 omnia
1139 1473 1233 1514 visa
1252 1476 1436 1526 repente
1450 1505 1461 1525 ,

245 1540 503 1593 Liminaque
522 1573 531 1590 ‚
555 1542 793 1594 laurusque
816 1542 883 1585 dei
907 1557 917 1590 ;
937 1546 1152 1594 totusque
1169 1542 1339 1584 moveri

243 1614 366 1653 Mons
385 1613 552 1654 circum
564 1643 574 1660 ,
598 1616 641 1654 et
658 1613 830 1665 mugire
847 1612 989 1664 adytis
1009 1612 1182 1654 eortina
1195 1612 1388 1654 reclusis.

242 1682 454 1724 Submissi
472 1682 663 1735 petimus
682 1684 869 1728 terram,
894 1684 939 1724 et
957 1693 1042 1724 vox
1064 1683 1205 1723 fertur
1224 1680 1279 1722 ad
1304 1693 1430 1724 aures
1453 1698 1462 1722 ι

301 1764 317 1787 α
342 1751 609 1793 Dardanidae
631 1751 751 1799 duri,
778 1763 875 1805 quae
895 1763 974 1794 vos
992 1763 1016 1801 a
1036 1751 1174 1805 stirpe
1194 1756 1432 1805 parentum

244 1822 394 1863 Prima
416 1822 515 1864 tulit
535 1822 660 1864 tellus
680 1854 688 1870 ,
721 1821 876 1864 cadem
895 1833 973 1864 vos
990 1821 1126 1873 uigere
1142 1821 1246 1863 laeto

248 1891 452 1946 Adcipiet
472 1891 676 1935 reduces.
699 1893 945 1945 Antiquam
965 1891 1180 1944 exquirite
1200 1895 1405 1934 matrem.

250 1963 333 2003 Hic
352 1961 509 2010 domus
526 1966 675 2004 AEneae
705 1963 876 2004 cunctis
897 1961 1198 2003 dominabitur
1221 1961 1327 2012 oris,

250 2035 305 2072 Et
323 2031 417 2072 nati
437 2034 676 2079 natorum,
700 2031 837 2083 etqui
859 2032 1100 2074 nascentur
1114 2031 1167 2072 ab
1184 2030 1287 2072 illis.
1307 2046 1323 2068 n

305 2105 410 2144 Haec
429 2101 619 2143 Phoebus
641 2118 651 2142 ε
673 2102 896 2154 mixtoque
914 2102 1073 2154 ingens
1094 2103 1247 2143 exorta
1267 2103 1460 2144 tumultu

252 2171 444 2218 Laetit.ia;
468 2174 512 2214 et
529 2172 702 2223 cuncti,
723 2182 821 2224 quaa
842 2171 930 2213 sint
949 2182 1000 2212 ea
1017 2171 1182 2213 moenia
1198 2201 1208 2218 ,
1231 2174 1460 2224 quaerimt;

255 2243 354 2290 Quo
373 2240 567 2282 Phoebus
580 2242 713 2284 vocet
727 2244 928 2283 errantes
946 2271 956 2291 ‚
972 2240 1214 2292 jubeatque
1232 2239 1411 2283 reverti.

252 2313 362 2351 Tim]
376 2310 567 2362 genitor.
599 2312 801 2352 veterum
822 2310 1004 2353 volvens
1033 2312 1329 2352 monumenta
1341 2310 1543 2351 virorum
1559 2341 1569 2358 ,

257 2396 274 2416 «ι
300 2379 489 2431 Audite,
519 2392 547 2423 o
564 2392 791 2435 proceres,
813 2382 873 2423 ait
892 2412 901 2431 ‚
923 2384 970 2422 ct
983 2392 1081 2433 spes
1101 2379 1256 2424 discite
1276 2385 1458 2423 vestras.
1477 2395 1495 2418 ν

256 2453 384 2492 Creta
404 2451 526 2493 Jovis
546 2452 692 2505 magni
718 2451 865 2494 medio
881 2453 999 2504 jacet
1014 2452 1158 2495 insula
1175 2453 1315 2506 ponto
1334 2467 1343 2499 ;
