1917 2942
212 294 225 330 -i
237 291 284 332 87
745 290 909 329 LIBER
937 291 982 328 V.
1441 291 1517 330 247

209 383 339 422 Parte
354 381 490 435 prior,
521 381 693 435 partem
707 381 851 421 rostro
871 379 1032 432 premit
1052 379 1207 421 aemula
1223 379 1394 420 Pristis,

210 452 268 489 At
282 449 429 492 media
443 450 585 490 socios
606 446 815 490 incedens
832 459 945 489 nave
964 458 1044 501 per
1059 448 1174 500 ipsos

209 521 420 560 Hortatur
438 517 714 560 Mnestheus:
742 532 759 553 «
780 518 924 568 Nunc,
940 528 1075 563 nunc,
1099 517 1313 569 insurgite
1333 517 1481 568 remis,

209 590 414 631 Hectorei
430 588 549 635 socii,
571 590 712 639 'srojae
734 598 844 640 quos
861 589 981 628 sorte
1000 598 1209 641 suprema

210 659 360 710 Delegi
377 658 561 700 comites
576 673 586 704 3
606 667 727 699 nunc
743 656 838 698 illas
856 657 1048 710 promite
1065 657 1198 704 vires,

209 729 338 769 Nunc
363 728 548 774 animos,
573 726 729 780 quibus
746 726 792 766 in
813 727 993 767 Gaetulis
1011 726 1201 778 syrtibus
1221 728 1304 778 usi,

206 798 423 850 Ionioque
437 796 562 844 mari,
582 798 622 836 M
629 796 820 849 aleaeque
839 796 1095 849 sequacibus
1110 795 1255 837 undis.

208 868 244 907 N
250 878 310 909 on
332 868 424 918 jam
443 866 584 920 prima
603 867 704 917 peto
725 865 989 911 Mnestheus,
1007 876 1151 918 neque
1169 866 1350 909 vincere
1372 867 1520 914 certo;

206 939 482 988 Quamquam
503 937 556 976 ol
578 933 654 976 sed
669 936 891 987 superent,
912 934 1065 987 quibus
1081 933 1180 980 hoc,
1201 936 1422 988 Neptune,
1440 934 1516 976 de-

205 1007 432 1047 Extremos
445 1003 612 1058 pudeat
628 1003 833 1046 rediisse:
853 1003 937 1045 hec
954 1003 1133 1050 vincite,
1158 1002 1291 1052 civeS‚
1374 1003 1491 1056 [disti
1509 1020 1519 1052 ;

206 1077 261 1114 Et
275 1073 507 1128 prohibete
522 1073 658 1115 nefas.
678 1088 695 1111 »
716 1073 801 1113 Olli
818 1074 1056 1115 certamine
1079 1084 1253 1115 summo

208 1145 532 1191 Procumbunt3
554 1142 688 1184 vastis
710 1143 860 1184 tremit
874 1142 1032 1184 ictibus
1048 1153 1163 1184 terea
1181 1143 1356 1197 puppis,

205 1212 574 1265 subtrahiturque
589 1211 755 1258 solum;
776 1216 870 1252 ium
886 1210 1039 1253 creber
1054 1211 1272 1254 anhelitus
1292 1214 1414 1253 artus

206 1284 428 1336 Aridaque
446 1294 523 1325 ora
541 1282 707 1334 quatit3
727 1280 862 1323 sudor
878 1278 976 1321 fluit
991 1280 1192 1333 undique
1212 1280 1333 1321 rivis.

259 1352 431 1393 Adtulit
449 1353 541 1405 ipse
560 1351 664 1392 viris
681 1353 882 1404 optatum
900 1360 1023 1391 casus
1036 1348 1257 1391 honorem
1279 1365 1290 1388 ι

206 1424 421 1474 Namque,
445 1421 592 1463 furens
609 1420 760 1467 animi,
783 1420 889 1460 duni
906 1429 1086 1471 proram
1105 1418 1161 1459 ad
1175 1429 1276 1460 saxa
1293 1420 1509 1473 suburget

206 1492 413 1538 Interior,
435 1491 665 1544 spatioque
685 1489 801 1530 subit
818 1490 1045 1540 Sergestus
1065 1488 1234 1540 iniquo,

207 1562 361 1604 Inielix
391 1562 499 1602 saxis
516 1561 562 1600 in
583 1558 947 1614 procurrentibus
961 1557 1103 1599 bresit.

206 1636 439 1673 Concussae
454 1633 619 1677 cautes,
639 1632 683 1671 et
698 1631 828 1672 acuto
845 1629 891 1669 in
905 1628 1077 1670 murice
1094 1628 1203 1670 remi

208 1702 367 1743 Obnixi
388 1712 617 1756 crepuere,
636 1699 832 1751 illisaque
852 1709 983 1752 prora
1002 1698 1230 1751 pependit.

209 1771 493 1823 Consurgunt
504 1773 664 1814 nautae,
686 1771 729 1809 et
744 1778 907 1820 magno
930 1767 1124 1809 clamore
1138 1770 1373 1809 morantur
1391 1784 1400 1815 ;

209 1844 499 1894 Ferratasque
518 1838 668 1882 trudes
688 1842 733 1880 et
751 1842 879 1881 acuta
898 1838 1077 1891 cuspide
1094 1840 1252 1880 contos

208 1909 472 1966 Expediunt,
494 1909 744 1961 fractosque
762 1908 921 1962 legunt
937 1908 984 1949 in
1004 1908 1178 1959 gurgite
1196 1918 1362 1950 remos.

208 1983 268 2021 At
285 1982 411 2023 laetus
433 1978 700 2026 Mnestheus,
726 1988 1019 2030 successuque
1040 1977 1185 2019 acrior
1204 1978 1314 2031 ips0‚

209 2052 395 2102 Agmine
412 2058 639 2091 remorum
658 2048 804 2093 celeri,
824 2048 1054 2099 ventisque
1074 2048 1258 2095 vocatis,

210 2120 359 2160 Prona
386 2119 497 2171 petit
513 2118 665 2163 maria,
685 2119 729 2159 et
745 2115 904 2170 pelago
921 2115 1123 2157 decurrit
1141 2120 1309 2171 aperto.

209 2189 358 2239 Qualis
377 2188 586 2241 spelunca
604 2185 750 2228 subito
770 2188 992 2227 commota
1008 2186 1229 2235 columba,

209 2257 287 2296 Cui
305 2256 462 2297 domus
477 2256 521 2296 et
539 2254 689 2296 dulces
704 2253 926 2295 latebroso
944 2253 988 2294 in
1005 2255 1182 2308 pumice
1202 2254 1310 2303 nidi,

210 2329 366 2368 Fertur
389 2325 436 2366 in
456 2336 559 2367 arva
578 2325 744 2370 volans,
770 2323 1062 2378 plausumque
1079 2324 1288 2367 exterrita
1309 2326 1467 2380 pennis

213 2398 296 2436 Dat
315 2398 429 2438 tecto
446 2396 693 2447 ingentem:
718 2405 818 2436 mox
833 2405 931 2437 aere
950 2395 1070 2448 lapsa
1083 2394 1234 2446 quieto
