1917 2942
228 314 303 355 070
755 313 911 352 LIBER
943 314 1015 352 xl.
1450 315 1526 352 457

228 404 338 441 Tum
354 398 506 446 Lirim,
520 401 824 452 Pagasumque
839 409 971 451 super
987 411 996 434 :
1012 407 1199 450 quorum
1216 399 1324 440 alter
1337 398 1528 442 habenas

226 470 420 511 suffosso
440 468 666 512 revolutus
680 480 792 522 equo
811 469 915 510 dum
935 468 1118 519 colligit,
1147 468 1257 510 alter

230 543 343 581 Dum
362 540 494 587 subit,
516 550 567 582 ac
591 539 788 581 dextram
807 539 973 580 labenti
993 539 1134 580 tendit
1150 539 1388 584 inermem,

228 610 478 663 Praecipites
497 609 747 663 pariterque
765 612 916 650 ruunt.
937 609 1012 651 His
1030 609 1151 650 addit
1170 614 1426 651 Amastrum

228 679 528 731 Hippotadem
551 679 834 732 sequiturque
850 679 1109 721 incumbens
1127 680 1298 722 eminus
1312 680 1432 721 hasta

227 750 914 802 Tereaqueffilarpalycumque‚et
928 749 1530 803 Demophoonta,Chromim-

226 818 428 869 Quotque
448 817 602 858 emissa
622 827 758 858 manu
775 815 988 858 contorsit
1006 816 1176 870 spicula
1194 817 1333 869 virgo,
1410 818 1527 870 [que;

225 887 306 925 Tot
322 883 501 937 Phrygii
517 885 718 926 cecidere
735 885 836 926 viri.
853 887 1015 927 Procul
1032 887 1225 938 Ornytus
1242 886 1373 927 armis

225 955 408 1005 IgnotiS.
430 955 475 996 et
497 965 610 1006 equo
628 958 813 996 venator
832 956 998 1006 Iapyge
1015 954 1179 997 fertur:

226 1023 302 1063 Cui
322 1023 448 1076 pellis
465 1024 577 1065 latos
590 1024 799 1066 humeros
815 1028 965 1078 erepta
980 1027 1177 1076 Juvenco

227 1093 466 1144 Pugnatori
485 1093 625 1146 operit
645 1108 655 1140 ;
681 1096 814 1147 caput
833 1094 988 1145 ingens
1004 1094 1092 1135 oris
1107 1094 1251 1136 hiatus

229 1163 280 1201 Et
299 1162 423 1203 malae
447 1165 590 1205 texere
606 1162 696 1215 lupi
718 1174 819 1205 cum
840 1163 1045 1206 dentibus
1063 1163 1186 1212 albis;

227 1231 508 1284 Agrestisque
527 1243 682 1274 manus
701 1237 842 1274 armat
860 1244 1025 1286 sparus.
1046 1236 1060 1274 1
1068 1245 1143 1287 pse
1159 1235 1345 1276 catervis

226 1301 419 1343 Vertitur
437 1302 483 1342 in
501 1301 673 1352 mediiS‚
695 1307 739 1344 et
759 1305 851 1343 toto
865 1302 1032 1345 vertice
1050 1314 1182 1356 supra
1198 1308 1278 1345 est.

228 1373 355 1412 Hunc
373 1370 446 1412 illa
466 1377 714 1425 exceptum,
730 1383 873 1425 neque
895 1373 1015 1414 enim
1032 1373 1158 1414 labor
1178 1374 1351 1425 agmine
1370 1384 1500 1416 verso
1513 1404 1523 1422 ,

226 1441 419 1492 Trajicit,
446 1446 489 1483 et
509 1440 946 1495 superhaeciuimico
970 1445 1148 1496 pectore
1170 1442 1287 1485 fatur
1310 1460 1319 1483 :

229 1524 247 1546 a
265 1510 391 1552 Silvis
412 1512 478 1559 tc,
499 1509 722 1561 Tyri-hene
737 1541 746 1557 ,
769 1508 882 1552 seras
903 1512 1067 1562 agitare
1088 1512 1278 1565 putasti?

231 1578 417 1622 Advenit
435 1580 509 1633 qui
526 1582 671 1622 vestra
687 1579 779 1622 dies
801 1579 1089 1621 muliebribus
1111 1582 1243 1623 armis

225 1648 363 1690 Verba
381 1648 669 1702 redarguerit.
690 1652 864 1692 Nomen
884 1652 1029 1692 tamen
1045 1649 1167 1691 haud
1183 1652 1283 1693 leve
1306 1656 1478 1704 patrum

226 1719 420 1760 Manibus
434 1719 520 1762 hoc
539 1720 714 1766 referes,
742 1720 826 1761 telo
844 1719 1052 1762 cecidisse
1074 1720 1283 1763 Camillae.
1304 1737 1319 1758 »

277 1788 496 1831 Protenus
522 1789 802 1832 Orsilochum
826 1793 869 1832 et
893 1792 1060 1837 Buten,
1091 1790 1179 1832 duo
1204 1793 1392 1833 maxima
1417 1796 1528 1834 'l'eu-

226 1859 446 1911 Corp0ra;
466 1858 544 1902 sed
563 1861 708 1902 Buten
729 1870 932 1902 aversum
952 1860 1134 1913 cuspide
1156 1858 1248 1901 fixit
1381 1862 1530 1912 [cruzn

226 1929 423 1971 Loricam
441 1930 700 1984 galeamque
715 1931 849 1977 inter,
871 1941 956 1984 qua
976 1929 1087 1971 colla
1102 1929 1295 1973 sedentis

229 2003 415 2045 Lucent,
441 2004 485 2042 et
499 2002 613 2042 laevo
633 2000 857 2053 dependet
870 2012 1026 2054 parma
1044 2001 1209 2043 lacerto
1232 2014 1241 2037 ε

226 2072 519 2118 Orsilochum,
543 2071 716 2125 fugiens
733 2083 1028 2125 magnumque
1050 2073 1211 2122 agitata
1229 2083 1306 2124 per
1323 2074 1493 2121 orbem,

225 2141 376 2183 Eludit
400 2153 510 2195 gyro
529 2143 730 2189 interior,
748 2143 1039 2195 sequiturque
1052 2147 1310 2195 sequentem
1326 2159 1335 2190 ;

228 2214 335 2252 Tum
363 2212 550 2255 validam
571 2224 739 2266 perque
761 2223 882 2254 arma
903 2212 1000 2254 viro
1020 2224 1189 2266 perque
1207 2224 1304 2255 ossa
1322 2214 1529 2260 securim,

228 2281 371 2323 Altior
389 2292 641 2335 exsurgens,
661 2281 804 2323 oranti
827 2285 871 2323 et
890 2282 1033 2323 multa
1055 2283 1250 2333 precanti
1369 2288 1372 2292 ·

227 2353 537 2406 congeminat;
557 2353 715 2394 vulnus
735 2351 879 2394 calido
899 2353 1014 2405 rigat
1032 2363 1110 2395 ora
1125 2354 1327 2396 cerebro.

227 2422 387 2464 Incidit.
403 2424 527 2472 huic,
548 2423 782 2477 subitoque
804 2423 1012 2478 adspectu
1038 2425 1216 2467 ici-ritus
1235 2424 1361 2465 lia-sit
