1917 2942
332 354 380 392 24
387 352 408 387 ἄ
854 352 937 391 AEN
944 351 1102 391 EIDOS
1591 350 1640 390 97

331 440 502 491 Totque.
522 448 637 484 suffia,
657 435 839 477 totidem
856 436 1081 489 nigrantes
1102 438 1225 489 terga
1241 437 1472 488 juvencos.

330 505 528 559 Vinaque
548 503 760 547 fundebat
776 506 954 558 pateris,
976 506 1254 557 animamque
1272 505 1461 547 vocabat

334 574 537 616 Anchisae
553 574 724 627 magni,
742 578 979 628 Manesque
1002 575 1254 618 Acheronte
1278 574 1499 617 remissos.

330 645 423 686 Nec
437 655 530 685 non
551 649 596 686 et
608 645 740 694 socii,
762 656 859 698 quae
880 646 1038 698 cuique
1056 649 1119 688 est
1137 645 1287 698 eopia,
1312 644 1401 686 laeti

333 715 458 755 Dona
474 712 649 761 ferunt,
671 716 861 755 onerant
879 725 974 756 aras
990 747 999 763 ‚
1023 716 1307 768 mactantque
1319 715 1549 766 jnvencos.

331 780 499 823 Ordine
518 792 628 823 aena
642 782 790 823 locant
808 782 881 823 alii
900 814 909 831 ,
931 782 1103 836 fusique
1117 794 1196 837 per
1213 783 1400 825 herbam

331 851 582 902 Suinciunt
603 851 780 894 veribus
800 863 968 904 prunas
986 884 995 901 ‚
1018 856 1061 894 et
1081 854 1252 895 viscera
1274 854 1462 895 torrent.

384 921 646 972 Exspectata
659 918 752 961 dies
770 918 947 968 aderat,
971 931 1225 975 nonamque
1241 932 1397 963 serena

334 990 558 1031 Auroram
578 988 865 1030 Phaethontis
883 990 983 1044 equi
997 992 1088 1041 jam
1109 991 1207 1032 luce
1224 989 1467 1036 vehebant;
1503 1040 1505 1042 Ι

333 1060 555 1112 Famaque
574 1058 783 1100 finitimos
804 1060 848 1101 et
868 1059 974 1101 clari
993 1069 1159 1101 nomen
1178 1061 1347 1102 Acestae

335 1128 556 1175 Exeierat3
575 1128 676 1170 laeto
694 1129 973 1182 complerant
990 1130 1119 1171 litora
1135 1131 1253 1170 coetu

335 1197 476 1238 visuri
494 1196 729 1245 AEneadas;
746 1209 848 1249 pars
866 1199 910 1239 et
924 1199 1094 1240 certare
1110 1198 1268 1253 parati.

335 1268 518 1307 Munera
536 1265 753 1319 principio
770 1269 870 1308 ante
893 1267 1045 1308 oculos
1064 1266 1272 1320 circoque
1285 1266 1491 1308 locantur

334 1337 386 1375 In
408 1334 555 1376 medio
577 1351 587 1375 ι
606 1336 719 1377 sacri
742 1335 961 1388 tripodes,
986 1334 1239 1387 viridesque
1258 1345 1458 1381 coronae,

335 1407 388 1447 Et
407 1406 586 1460 palmae,
607 1406 800 1459 pretium
818 1406 1057 1448 victoribus
1071 1437 1082 1458 ,
1101 1415 1308 1458 armaque
1323 1408 1367 1448 et
1382 1408 1504 1447 ostro

336 1474 532 1518 Perfusae
553 1478 720 1521 vestes,
740 1474 907 1526 argenti
928 1475 1110 1528 aurique
1129 1475 1315 1523 talenta3

336 1548 388 1588 Et
403 1545 508 1587 tuba
522 1545 779 1587 commissos
797 1543 945 1587 medio
965 1546 1084 1587 canit
1102 1554 1263 1597 aggere
1278 1543 1420 1585 ludos.

389 1614 536 1655 Prima
554 1625 680 1669 pares
704 1614 861 1656 ineunt
876 1613 1083 1666 gravibus
1103 1614 1346 1654 certamina
1360 1612 1491 1655 remis

335 1688 552 1737 Quatuor,
573 1695 625 1726 ex
637 1683 756 1725 omni
771 1683 954 1725 deleetae
971 1682 1106 1725 classe
1127 1717 1135 1728 .
1154 1683 1329 1725 carinae.

336 1753 545 1796 velocem
562 1752 810 1794 Mnestheus
828 1753 914 1804 agit
934 1753 1021 1795 acri
1044 1753 1211 1801 remige
1230 1752 1423 1801 Pristin,-

336 1824 437 1863 Mox
454 1820 587 1862 Italus
604 1820 875 1867 Mnestheus.
897 1832 1034 1874 genus
1051 1833 1075 1863 a
1090 1831 1181 1874 quo
1199 1820 1381 1861 nomine
1394 1819 1566 1861 Memmi
1581 1834 1592 1865 ;

334 1893 653 1944 Ingentemque
671 1892 784 1942 Gyas
803 1891 972 1942 ingenti
1000 1891 1117 1933 mole
1132 1890 1418 1938 Chimaeram,

337 1961 466 2002 Urbis
485 1971 621 2014 opus;
641 1959 805 2014 triplici
824 1961 963 2014 pubes
979 1971 1110 2014 quam
1131 1959 1335 2001 Dardana
1356 1970 1486 2001 versu

335 2029 595 2082 Impellunt‚
622 2034 747 2070 terno
769 2034 1043 2083 consurgunt
1058 2029 1217 2072 ordine
1240 2030 1351 2072 remi
1370 2045 1382 2078 3

334 2101 647 2152 Sei-gestusque
660 2128 671 2149 ,
693 2098 848 2140 domus
867 2100 987 2141 tenet
1002 2110 1027 2140 a
1041 2110 1132 2152 quo
1151 2099 1302 2151 Sergia
1322 2109 1489 2140 nomen
1509 2129 1519 2149 ‚

335 2171 556 2210 Centauro
574 2167 800 2209 invehitur
816 2179 975 2221 magna
988 2199 998 2216 ‚
1021 2169 1252 2222 Scyllaque
1267 2168 1504 2210 Cloanthus

336 2238 555 2286 Caerulea,
578 2249 717 2290 genus
732 2237 852 2280 unde
868 2238 970 2286 tibi,
991 2241 1191 2282 Romane
1211 2238 1402 2281 Cluenti.

389 2309 468 2349 Est
480 2308 636 2362 procul
649 2308 696 2348 in
715 2307 873 2360 pelago
888 2319 1052 2357 saxum,
1076 2308 1323 2363 spumantia
1347 2309 1503 2349 contra

338 2377 509 2426 Litora,
531 2376 653 2431 quod
674 2375 850 2418 tumidis
874 2378 1149 2420 submersum
1164 2378 1368 2419 tunditur
1382 2377 1488 2419 olim

340 2447 568 2491 Fluctibus
587 2481 595 2497 ,
614 2445 785 2490 hiberni
806 2447 1009 2490 condunt
1026 2448 1100 2490 ubi
1114 2447 1256 2491 sidera
1276 2445 1396 2493 Cori;
