1917 2942
415 324 492 363 310
942 330 1194 369 AENEIDOS
1643 333 1720 374 246

418 412 513 453 Hoc
534 410 699 452 Priami
716 416 941 464 gestamen
961 417 1076 462 erat,
1099 426 1233 468 quum
1256 419 1357 468 jura
1374 417 1536 459 vocatis

418 482 539 523 More
561 480 684 523 daret
700 483 876 534 populis
892 498 902 529 3
922 488 1246 539 sceptrumque,
1265 498 1478 541 sacerque
1492 489 1635 536 tiaras,

414 550 692 604 Iliadumque
711 552 836 594 labor
857 559 1016 596 vestes.
1035 569 1052 591 υ

469 621 642 663 Talibus
656 622 811 663 Ilionei
833 622 961 664 dictis
981 620 1121 665 defixa
1137 626 1318 667 Latinus

416 688 586 730 Obtutu
609 692 728 732 tenet
743 702 838 739 ora,
856 691 1035 746 soloque
1053 693 1288 735 immobilis
1305 694 1467 744 meret,

415 759 613 800 Intentos
636 760 818 801 volvens
838 762 1004 803 oculos.
1026 763 1118 803 Nec
1139 774 1335 815 purpura
1364 776 1512 818 regem

414 828 537 869 Picta
557 831 729 874 movet.
752 840 834 871 nec
854 831 1027 882 sceptra
1044 833 1226 872 movent
1241 834 1459 875 Priameia
1480 837 1663 880 tantum,

416 899 641 946 Quantum
659 898 704 938 in
726 897 950 940 connubio
971 903 1083 940 natae
1103 899 1383 955 thalamoque
1399 908 1626 952 moratur:

414 969 469 1007 Et
484 967 647 1008 veteris
670 967 807 1009 Fauni
826 968 961 1010 volvit
980 969 1060 1011 sub
1078 973 1261 1023 pectore
1278 974 1460 1014 sortem.

415 1042 546 1082 Hunc
563 1042 691 1083 illum
708 1040 806 1083 latis
823 1046 1001 1085 externa
1020 1043 1074 1085 ab
1088 1042 1190 1084 sede
1208 1042 1456 1095 profectum

414 1112 630 1155 l’ortendi
649 1122 880 1164 generum,
898 1112 1165 1166 paribusque
1186 1114 1232 1153 in
1254 1124 1394 1164 regna
1410 1112 1563 1154 vocari

414 1180 660 1233 Auspiciis;
680 1180 784 1222 huic
804 1182 1063 1234 progeniem
1082 1183 1245 1223 virtute
1268 1180 1460 1222 suturam

415 1248 661 1300 Egregiam,
685 1249 730 1290 et
749 1250 888 1289 totum
906 1260 1002 1302 quae
1018 1249 1185 1291 viribus
1201 1252 1389 1302 occupet
1409 1249 1580 1291 orbem.

413 1315 611 1358 Tandem
629 1318 755 1359 laetus
771 1318 831 1358 ait
853 1333 862 1357 :
883 1333 898 1354 (ι
913 1317 963 1358 Di
981 1324 1136 1360 nostra
1154 1319 1330 1371 incepta
1351 1319 1612 1366 secundent,

412 1386 752 1439 Auguriumque
768 1388 920 1427 suum!
947 1387 1141 1432 Dabitur.
1160 1388 1361 1437 Trojane,
1386 1387 1504 1437 quod
1518 1390 1665 1440 optas:

414 1459 598 1499 lllnuera
618 1468 699 1498 nec
720 1467 899 1508 sperno.
925 1458 1022 1498 Non
1042 1457 1184 1505 vobis,
1203 1468 1304 1509 rege
1325 1457 1499 1508 Latino,

413 1517 569 1566 Divitis
583 1524 692 1566 uber
713 1525 816 1575 agri,
836 1526 1034 1576 Trojaeve
1061 1528 1287 1578 opulentia
1302 1525 1457 1568 deerit.

411 1595 513 1646 Ipse
529 1593 663 1635 modo
681 1595 837 1634 AEneas
857 1594 1019 1646 (nostri
1036 1594 1071 1634 si
1087 1598 1209 1635 tanta
1225 1594 1386 1647 cupido
1405 1596 1481 1640 est,

412 1664 451 1703 Si
473 1664 599 1715 jungi
619 1663 813 1716 hospitio
828 1668 1049 1717 properat,
1069 1664 1305 1717 sociusque
1324 1663 1508 1714 vocari),

414 1731 656 1782 Adveniat;
681 1733 827 1774 vultus
847 1744 959 1776 neve
979 1733 1259 1776 exhorrescat
1275 1734 1457 1775 amicos.

415 1807 516 1845 Pars
534 1802 641 1844 mihi
660 1804 778 1856 pacis
795 1804 877 1845 erit
896 1802 1093 1845 dextram
1110 1803 1298 1857 tetigisse
1319 1804 1510 1856 tyranni.

413 1875 501 1914 Vos
520 1875 676 1915 contra
699 1874 794 1926 regi
815 1884 914 1915 mea
931 1884 1054 1915 nunc
1069 1874 1276 1915 mandata
1296 1873 1454 1916 referte
1481 1889 1491 1913 :

413 1946 487 1985 Est
506 1941 615 1984 mihi
631 1947 747 1989 nata,
771 1944 867 1986 viro
889 1944 1033 1996 gentis
1055 1954 1187 1996 quam
1205 1945 1397 1996 jungere
1417 1946 1595 1989 nostrae,

414 2014 513 2054 Non
533 2013 679 2067 patrio
701 2024 753 2055 ex
768 2013 902 2065 adyto
920 2016 1073 2061 sortes,
1091 2025 1184 2054 non
1199 2014 1388 2068 plurima
1401 2014 1514 2055 coelo

414 2086 609 2125 Monstra
623 2084 778 2124 sinunt
798 2099 807 2122 :
828 2094 1014 2136 generos
1034 2083 1222 2125 externis
1239 2081 1390 2124 adfore
1410 2081 1462 2123 ab
1484 2082 1586 2128 oris,

413 2155 508 2194 Hoc
524 2152 648 2193 Latio
666 2154 830 2194 restare
848 2154 1028 2200 canunt,
1048 2153 1119 2205 qui
1142 2151 1357 2204 sanguine
1374 2154 1574 2193 nostrum

415 2225 587 2265 Nomen
604 2223 648 2264 in
666 2223 782 2265 astra
801 2223 958 2266 serant.
980 2226 1110 2265 Hunc
1132 2222 1255 2264 illum
1274 2233 1457 2276 poscere
1475 2222 1562 2265 fala

419 2295 468 2333 lit
483 2303 597 2340 reor,
619 2296 678 2340 et,
699 2292 734 2333 si
756 2291 861 2345 quid
883 2292 976 2334 veri
990 2302 1114 2333 mens
1133 2294 1330 2344 augurat,
1359 2292 1480 2344 opto.
1502 2306 1517 2328 υ

468 2365 574 2404 Haec
591 2361 762 2410 effatum,
788 2372 923 2415 equos
938 2373 1126 2405 numero
1142 2364 1268 2416 pater
1290 2361 1409 2414 eligit
1428 2362 1566 2402 omni.

418 2434 598 2475 Stabant
624 2437 689 2476 ter
710 2435 887 2476 centum
907 2434 1035 2475 nitidi
1058 2433 1100 2474 in
1123 2433 1389 2486 praesepibus
1405 2432 1500 2475 allis
1520 2450 1531 2472 ι
