1917 2942
209 350 286 388 228
734 348 901 387 LlBER
935 348 991 387 11.
1468 351 1517 397 85

209 435 356 476 Altera
375 433 607 475 frumentis
622 433 833 486 quoniam
849 431 987 480 favet,
1009 433 1144 474 altera
1162 432 1359 481 Baccho;

208 507 353 545 Densa
369 503 504 555 magis
520 501 691 548 Cereri,
715 502 935 544 rarissima
954 513 1139 555 quaeque
1158 504 1287 553 Lyaeo
1306 519 1316 542 ε

209 577 323 616 Ante
344 575 490 616 locum
510 574 656 628 capies
673 574 835 622 oculis,
859 573 1033 626 alteque
1048 573 1220 625 jubebis

210 648 260 685 In
280 645 423 688 solido
441 648 625 700 puteum
643 644 841 694 demitti,
866 655 1132 697 omnemque
1150 655 1336 698 repones

211 717 375 757 Rursus
390 715 574 756 humum
594 744 604 766 ‚
627 713 868 768 etpedibus
885 725 1076 755 summas
1095 713 1284 766 aequabis
1302 726 1469 757 arenas.

207 783 250 824 Si
271 783 482 832 deerunt,
503 795 652 825 rarum
668 816 677 832 ‚
705 784 941 838 pecorique
957 785 1002 824 et
1021 782 1181 825 vitibus
1201 784 1325 826 almis

211 854 368 907 Aptius
381 885 390 899 .
413 856 523 897 uber
542 855 627 896 erit
648 854 803 895 :sinin
822 865 899 895 sua
916 864 1041 907 posse
1060 855 1287 907 negabunt

208 925 276 965 Ire
294 924 416 971 loca,
440 928 484 966 et
496 923 720 966 scrobibus
736 923 959 976 superabit
974 926 1089 964 terra
1108 924 1310 976 repletis;

209 994 379 1046 Spissus
401 1005 505 1046 ager
528 1011 537 1034 ι
556 993 704 1046 glebas
722 995 981 1036 cunctantes
1001 1025 1010 1041 ,
1032 1003 1261 1045 crassaque
1285 998 1404 1047 terga

210 1066 421 1118 Exspecta
440 1095 448 1109 ,
473 1068 516 1106 et
531 1063 684 1106 validis
701 1065 862 1104 >terrain
885 1061 1122 1117 proscinde
1136 1063 1355 1113 Juvencis.

209 1134 328 1175 Salsa
343 1137 487 1175 autem
510 1133 635 1175 tellus
653 1165 662 1181 ,
684 1137 726 1174 et
743 1143 841 1185 quae
860 1132 1119 1185 perhibetur
1137 1143 1285 1174 amara
1298 1164 1307 1179 ,

210 1202 424 1254 Frugibus
439 1200 587 1246 infelix
609 1203 680 1252 (ea
701 1212 783 1243 nec
800 1201 1068 1242 mansuescit
1084 1200 1273 1249 arando,

210 1276 298 1316 Nec
317 1274 488 1316 Baccho
508 1284 647 1325 genus
664 1299 673 1320 ,
694 1276 770 1314 aut
785 1273 927 1326 pomis
946 1283 1026 1314 sua
1052 1272 1238 1313 nomina
1252 1277 1400 1315 servat
1416 1275 1454 1326 ),

210 1344 312 1386 Tale
341 1343 461 1385 dabit
478 1344 699 1397 specimen
718 1359 728 1383 ι
745 1346 792 1383 tu
809 1343 946 1396 spisso
961 1343 1129 1384 vimine
1145 1342 1313 1395 qualos5

213 1413 406 1466 colaque
424 1413 666 1466 praelorum
683 1410 860 1453 fumosis
879 1411 1033 1465 deripe
1058 1411 1182 1454 tectis
1200 1428 1210 1459 ;

212 1487 310 1525 Huc
330 1494 432 1536 ager
451 1483 521 1525 ille
540 1483 679 1524 malus
693 1512 704 1534 ‚
722 1481 957 1537 dulcesque
976 1494 999 1524 a
1018 1481 1214 1523 sontibus
1234 1482 1379 1532 undae.

212 1551 281 1593 Ad
303 1552 481 1606 plenum
497 1552 727 1595 calcentur
744 1567 754 1591 ε
775 1562 889 1604 aqua
903 1550 1169 1593 eluctabitur
1184 1553 1329 1595 omnis

211 1622 410 1669 Scilicet,
441 1625 484 1665 et
502 1620 690 1674 grandes
707 1621 838 1663 ibunt
856 1633 935 1675 per
950 1622 1118 1664 vimina
1136 1625 1271 1674 guttas
1290 1636 1299 1659 :

213 1694 272 1732 At
290 1692 648 1745 saporindicium
668 1691 796 1734 faciet
816 1690 1099 1741 manifestus,
1122 1695 1167 1734 et
1186 1704 1266 1734 ora

212 1761 369 1803 Tristia
383 1763 633 1804 tentantum
653 1772 782 1803 sensu
806 1762 1031 1815 torquebit
1048 1772 1236 1803 amaror.

214 1831 394 1883 Pinguis
409 1831 517 1873 item
538 1842 633 1883 quae
660 1832 717 1873 sit
729 1831 857 1873 tellus
870 1861 880 1878 ,
899 1831 987 1873 hoc
1004 1830 1192 1883 denique
1210 1834 1342 1884 pacto

214 1900 427 1943 Discimus
448 1917 457 1940 :
480 1900 598 1942 haud
614 1905 809 1953 unquam
824 1900 1027 1941 manibus
1037 1900 1198 1950 jactata
1216 1897 1398 1945 fatiscit.

214 1969 300 2011 Sed
320 1970 426 2024 picis
444 1970 488 2009 in
507 1979 676 2010 morem
695 1968 748 2010 ad
769 1968 930 2021 digitos
953 1968 1156 2010 lentescit
1182 1968 1402 2011 habendo.

215 2039 407 2080 Humida
423 2041 611 2090 majores
625 2039 780 2081 herbas
797 2039 876 2080 alit
894 2071 903 2088 ,
925 2040 1106 2091 ipsaque
1119 2041 1238 2090 justo

216 2109 376 2151 Laetior
395 2125 404 2149 :
423 2108 491 2151 ali!
511 2109 697 2150 nimium
716 2119 772 2150 ne
788 2108 845 2149 sit
861 2106 969 2149 inihi
989 2107 1138 2150 fertilis
1160 2110 1230 2150 illa
1245 2142 1254 2157 ,

217 2180 316 2221 Neu
333 2191 378 2221 se
398 2178 677 2233 praevalidain
695 2178 848 2231 primis
864 2177 1070 2219 ostendat
1085 2178 1250 2220 aristis!

216 2252 322 2299 Quae
339 2248 482 2302 gravis
497 2252 583 2295 est,
604 2248 698 2300 ipso
719 2249 896 2289 tacitam
913 2258 958 2289 se
971 2247 1171 2301 pondere
1185 2248 1359 2303 prodit,

217 2322 412 2372 Quaeque
431 2318 554 2361 levis.
575 2320 810 2359 Promturn
826 2320 891 2360 est
905 2318 1042 2360 oculis
1060 2318 1322 2373 praediscere
1338 2320 1524 2374 nigram.

218 2392 273 2430 Et
286 2390 381 2443 quis
397 2389 465 2431 cui
487 2391 624 2431 color.
646 2391 702 2430 At
719 2389 981 2431 sceleratum
1001 2389 1227 2443 exquirere
1256 2389 1389 2445 frigus

222 2458 404 2502 Difficile
421 2460 486 2502 est
506 2474 514 2499 2
535 2460 665 2513 piceae
683 2460 852 2501 tantum
869 2459 1041 2513 taxique
1058 2461 1267 2502 nocentes
