1917 2942
342 317 420 356 526
865 322 946 360 AEN
955 323 1046 361 EID
1054 323 1120 362 OS
1562 330 1639 368 720

342 403 520 445 Massica
535 403 607 456 qui
626 405 797 453 rastris,
819 409 864 448 et
880 418 990 459 quos
1012 407 1066 451 de
1080 409 1267 453 collibus
1283 412 1381 454 altis

343 473 543 514 Aurunci
562 474 720 517 misere
738 478 907 528 patres,
931 477 1212 532 Sidicinaque
1221 482 1346 531 juxta

344 543 557 595 AEquora;
577 543 737 597 quique
757 544 877 588 Cales
898 545 1132 600 linquunt,
1154 550 1380 603 amnisque
1392 550 1542 594 vadosi

341 611 511 654 Adcola
524 611 740 659 Vulturni,
761 615 1015 667 pariterque
1035 618 1252 660 Saticulus
1268 631 1413 673 asper,

343 682 645 735 Oscorumque
661 694 816 725 manus
834 701 843 724 :
861 687 1019 728 teretes
1036 690 1138 728 sunt
1154 688 1328 740 aclydes
1347 690 1435 734 illis

344 752 449 794 Tela
466 768 476 800 ς
494 752 569 795 sed
587 751 679 794 haec
695 753 816 797 lento
831 766 925 797 mos
945 761 1012 798 est
1028 760 1178 810 aptare
1196 758 1381 813 flagello.

344 825 494 862 Laevas
510 823 642 864 caetra
665 823 792 875 tegit;
815 822 961 867 falcati
979 828 1222 869 comminus
1240 840 1380 872 enses.

398 891 489 933 Nec
501 892 547 932 tu
563 892 829 934 carminibus
849 895 1007 937 nostris
1021 896 1209 938 indictus
1228 898 1380 947 abibis,

345 960 518 1007 OEbale,
537 972 665 1015 quem
683 973 911 1015 generasse
926 966 1061 1008 Telon
1080 966 1311 1011 Sebethide
1330 970 1523 1024 nympha

343 1032 521 1080 Fertur,
539 1031 774 1074 Teleboum
794 1037 978 1087 Capreas
994 1048 1130 1090 quum
1151 1048 1285 1089 regna
1308 1041 1475 1084 teneret

346 1103 445 1141 Jam
458 1100 630 1150 senior;
652 1103 799 1155 patriis
813 1103 888 1146 sed
908 1116 1001 1147 non
1017 1109 1059 1148 et
1075 1106 1189 1148 filius
1205 1109 1322 1151 arvis

344 1171 588 1212 Contentus
601 1203 612 1222 ,
634 1172 719 1214 late
729 1174 823 1223 J'am
842 1177 934 1215 tum
953 1174 1121 1218 ditione
1139 1178 1366 1230 premebat

345 1243 558 1283 Sarrastes
577 1242 766 1296 populos
784 1274 793 1290 ,
816 1248 858 1286 et
874 1255 969 1297 quae
986 1247 1101 1298 rigat
1115 1256 1290 1298 aequora
1304 1251 1464 1290 Sarnus
1478 1279 1488 1298 ‚

346 1312 515 1364 Quique
531 1312 687 1354 Rufras
699 1314 992 1367 Batulumque
1006 1319 1157 1357 tenent
1167 1318 1295 1369 atque
1307 1329 1410 1360 arva
1426 1319 1646 1366 Celennae,

347 1383 402 1421 Et
414 1392 524 1433 quos
544 1381 750 1424 maliferae
766 1383 1024 1438 despectant
1037 1386 1195 1427 moenia
1213 1387 1379 1429 Abellae
1400 1404 1409 1428 :

346 1451 589 1494 Teutonico
608 1451 695 1492 ritu
710 1452 827 1493 soliti
848 1456 1057 1506 torquere
1072 1456 1228 1497 cateias
1244 1472 1254 1503 ;

345 1520 558 1575 Tegmina
577 1521 670 1574 quis
690 1523 881 1575 capitum
896 1528 1046 1577 raptus
1064 1523 1117 1566 de
1136 1525 1290 1568 subere
1312 1530 1461 1569 cortex
1479 1544 1487 1567 :

346 1593 592 1645 AErataeque
610 1593 776 1634 micant
792 1592 949 1647 peltae,
974 1594 1109 1636 micat
1130 1605 1265 1635 aereus
1285 1596 1413 1638 ensis.

397 1664 452 1701 Et
470 1663 512 1703 te
527 1665 739 1704 montosae
760 1663 914 1706 misere
932 1664 978 1703 in
994 1662 1143 1716 praelia
1161 1665 1332 1708 Nersae.

348 1729 500 1781 Ufem,
532 1731 748 1783 insignem
768 1732 883 1775 fama
897 1736 940 1775 et
954 1731 1154 1775 felicibus
1174 1735 1333 1776 armis:

349 1802 539 1843 Horrida
558 1803 780 1857 praecipue
797 1803 867 1844 cni
887 1814 1011 1856 gens,
1033 1802 1298 1855 adsuetaque
1318 1805 1457 1846 multo

350 1874 517 1914 venatu
536 1883 792 1919 nemorum,
813 1872 932 1914 duris
954 1872 1180 1926 AEquicula
1201 1871 1355 1923 glebis.

348 1943 517 1983 Armati
538 1946 700 1985 terram
717 1947 947 1989 exercent,
966 1953 1224 1996 semperque
1241 1943 1438 1985 recentes

348 2016 620 2056 convectare
636 2013 761 2059 juvat
782 2012 950 2067 praedas
968 2045 977 2058 ,
998 2014 1043 2056 et
1061 2013 1208 2054 vivere
1228 2014 1371 2067 rapto.

401 2083 516 2132 Quin
531 2086 575 2124 et
593 2082 813 2124 Marrubia
828 2082 951 2124 venit
967 2081 1021 2124 de
1039 2084 1170 2133 gente
1182 2080 1385 2124 sacerdos
1402 2113 1410 2128 ‚

349 2153 521 2195 Fronde
536 2164 668 2206 super
682 2152 854 2206 galeam
874 2155 917 2193 et
932 2152 1049 2195 felici
1069 2157 1239 2194 comtus
1255 2153 1385 2197 oliva.

350 2225 560 2278 Archippi
582 2226 695 2277 regis
713 2224 862 2271 missu,
881 2224 1144 2266 fortissimus
1162 2225 1326 2266 Umbro
1345 2240 1354 2263 ι

351 2297 401 2336 Vi
410 2307 539 2350 pereo
559 2297 727 2349 generi,
745 2300 789 2338 et
804 2296 1000 2349 graviter
1016 2295 1280 2349 spirantibus
1296 2295 1463 2348 hydris,

349 2371 560 2421 Spargere
576 2368 649 2420 qui
678 2379 853 2410 somnos
870 2370 1092 2422 cantuque
1109 2379 1327 2420 manuque
1346 2367 1524 2413 solebat,

352 2439 658 2493 mulcebatque
674 2441 773 2490 iram,
794 2444 837 2483 et
854 2452 1026 2483 morsus
1043 2443 1132 2483 arte
1152 2440 1336 2483 levabat„
