1917 2942
208 330 280 369 727
724 329 886 369 LIBER
917 330 989 368 IX.
1439 332 1523 370 5792

209 418 283 456 Ast
302 415 409 456 alios
428 425 581 457 secum
598 413 784 456 includit
803 415 1048 469 recipitque
1068 419 1260 460 ruentes.

208 484 415 524 Demens!
444 484 518 536 qui
539 484 748 524 Rutulum
773 484 817 524 in
835 482 984 524 medio
1004 494 1093 524 non
1114 485 1286 536 agmine
1311 490 1467 537 regem.

208 552 372 595 viderit
385 553 721 608 irrumpentem,
743 553 948 607 ultroque
968 553 1197 595 incluserit
1216 555 1329 603 urbi,

207 625 448 664 immanem
463 623 599 664 veluti
619 634 783 674 pecora
801 623 919 665 inter
934 623 1093 664 inertia
1109 623 1275 675 tigrim.

206 691 426 733 Continuo
441 702 558 733 nova
576 692 647 732 lux
669 691 809 733 oculis
828 690 1006 737 effulsit,
1027 694 1071 733 et
1090 703 1209 733 arma

207 761 485 802 Horrendum
500 771 690 802 sonuere
709 777 718 799 ε
743 763 939 802 tremunt
953 761 1000 800 in
1018 761 1185 803 vertice
1205 762 1350 803 cristae

206 828 477 880 sanguineae,
500 829 728 883 clipeoque
749 829 957 871 micantia
978 827 1163 871 fulmina
1181 831 1381 873 mittunt.

206 895 495 948 Adgnoscnnt
511 896 667 940 faciem
686 898 872 940 invisam
889 901 1021 951 atque
1039 899 1249 940 immania
1264 900 1463 941 membra

201 967 378 1008 Turbati
395 966 541 1008 subito
560 966 779 1008 AEneadae.
801 971 913 1007 Tum
933 966 1163 1009 Pandarus
1185 968 1341 1021 ingens

205 1037 382 1083 Emicat,
404 1039 448 1079 et
466 1040 621 1078 mortis
637 1035 843 1078 fraternae
861 1035 1059 1079 fervidus
1080 1038 1143 1078 ira

204 1103 371 1146 Eit'atur
389 1120 399 1145 ι
421 1119 440 1142 κ
459 1107 559 1147 Non
581 1105 675 1147 haec
693 1106 848 1147 dotalis
862 1106 984 1158 regia
1006 1108 1195 1154 Amatae;

204 1176 292 1217 Nec
307 1176 447 1217 muris
465 1175 644 1218 cohibet
663 1176 814 1229 patriis
830 1175 976 1216 media
996 1175 1139 1218 Ardea
1155 1180 1373 1217 Turnum.

203 1246 350 1287 Castra
372 1246 552 1287 inimica
572 1244 693 1287 vides
713 1245 859 1286 :nulla
878 1244 984 1287 hinc
1004 1246 1124 1288 exire
1145 1248 1351 1300 potestas.
1371 1263 1387 1284 »

254 1315 338 1355 Olli
355 1314 584 1357 subridens
603 1314 753 1356 sedato
775 1317 955 1366 pectore
976 1317 1151 1356 Turnus
1169 1331 1180 1355 ι

203 1398 218 1419 α
234 1384 323 1425 luci
329 1394 397 1436 pe.
422 1384 458 1424 si
478 1394 562 1435 qua
578 1383 727 1425 animo
743 1384 897 1431 virtus,
924 1387 969 1426 et
984 1394 1169 1427 consere
1190 1382 1388 1428 dextram
1405 1402 1415 1431 ς

205 1453 283 1493 Hic
304 1452 438 1495 etiam
452 1453 691 1495 inventum
712 1453 890 1495 Priamo
905 1454 1105 1495 narrabis
1122 1453 1386 1497 Achillem.»

206 1523 394 1564 Dixerat.
415 1523 493 1565 Ille
512 1523 669 1564 rudem
688 1522 815 1565 nodis
832 1528 876 1565 et
889 1524 1055 1566 cortice
1077 1523 1219 1566 crudo

204 1594 433 1644 intorquet
453 1593 633 1633 summis
650 1591 832 1634 adnixus
850 1592 1017 1633 viribus
1032 1593 1218 1634 hastam.

205 1665 423 1716 Excepere
444 1673 560 1704 aurae
576 1661 756 1711 vulnus;
778 1664 983 1704 Saturnia
999 1668 1118 1705 suno

204 1731 394 1774 Detorsit
412 1732 617 1778 veniens:
639 1735 867 1786 portaeque
884 1730 1086 1784 infigitur
1105 1732 1245 1775 hasta.

206 1813 220 1834 ι
238 1803 295 1842 At
310 1810 401 1841 non
418 1799 504 1841 hoc
523 1801 672 1848 telum,
698 1812 798 1843 inea
815 1799 934 1853 quod
955 1801 997 1842 vi
1015 1800 1196 1843 dextera
1215 1805 1373 1849 versat,

202 1867 386 1920 Effugies
403 1886 413 1909 :
432 1881 574 1923 neque
593 1871 711 1912 enim
732 1871 767 1912 is
789 1872 864 1913 teli
886 1880 968 1912 nec
986 1870 1180 1912 vulneris
1196 1875 1370 1913 auctor.
1386 1888 1402 1909 ι

200 1939 266 1979 Sic
284 1939 358 1986 ait,
383 1943 427 1981 et
441 1939 660 1981 sublatum
683 1940 767 1981 alte
788 1939 1018 1991 consurgit
1043 1941 1089 1979 in
1110 1950 1276 1988 ensem,

201 2012 252 2049 Et
268 2010 460 2053 mediam
476 2009 595 2053 ferro
613 2010 789 2062 gemina
804 2010 920 2051 inter
935 2012 1136 2063 tempora
1154 2007 1348 2052 frontem

201 2079 378 2128 Dividit,
400 2080 690 2133 impubesque
709 2079 892 2120 immani
908 2080 1094 2121 vulnere
1111 2079 1263 2121 malas.

202 2151 414 2192 Fitsonus
434 2167 443 2191 :
465 2150 633 2204 ingenti
649 2160 862 2192 concussa
878 2154 940 2191 est
956 2149 1156 2202 pondere
1179 2152 1322 2193 tellus.

202 2221 423 2274 collapsos
443 2223 566 2263 artus
586 2225 719 2273 atque
738 2231 858 2261 arma
877 2222 1064 2262 cruenta
1084 2222 1272 2264 cerebro

198 2291 362 2332 Sternit
376 2290 499 2332 humi
517 2290 735 2333 moriens;
757 2291 889 2342 atque
905 2288 968 2329 illi
989 2289 1187 2343 partibus
1204 2291 1342 2344 aequis

204 2363 295 2402 Huc
314 2364 446 2415 caput
465 2363 597 2415 atque
617 2360 719 2402 illuc
738 2360 926 2402 humero
949 2372 1000 2403 ex
1020 2363 1208 2414 utroque
1229 2362 1455 2416 pependit.

207 2431 446 2484 suffugiunt
463 2431 572 2475 versi
594 2431 763 2484 trepida
786 2430 1026 2474 formidine
1045 2433 1192 2479 Troes,

1244 2532 1309 2570 255.
