1917 2942
233 344 301 382 126
749 341 912 380 LIBER
945 342 999 378 X.
1450 341 1527 381 587

231 433 279 470 Et
299 430 452 471 Clarus
472 461 481 477 ,
504 431 548 472 et
564 428 786 475 Themon,
806 427 938 480 Lycia
958 427 1229 469 comitantur
1249 427 1302 469 ab
1327 428 1429 469 alta.

232 501 328 540 Fert
348 500 502 551 ingens
520 501 610 539 toto
630 497 842 540 connixus
862 507 1050 550 corpore
1069 508 1245 545 saxum,

231 569 353 610 Haud
371 572 540 622 partem
561 569 765 620 exiguam
786 568 950 608 montis
964 597 973 613 ,
997 568 1253 618 Lyrnessius
1270 574 1465 615 Acmon,

232 639 317 680 Nec
336 639 478 689 Clytio
496 638 695 690 genitore
717 637 877 682 minor,
899 647 983 678 nec
1002 636 1134 678 fratre
1157 636 1427 680 Menestheo.

231 707 282 747 Hi
295 708 473 758 jaculis,
496 706 559 748 illi
576 710 751 749 certant
770 704 1007 748 defendere
1027 707 1138 748 saxis
1157 736 1167 752 ‚

233 776 457 828 Molirique
471 776 641 828 ignem,
661 785 889 826 nervoque
909 777 1057 827 aptare
1075 775 1270 827 sagittas.

231 848 319 898 lpse
338 845 453 886 inter
472 843 639 885 medios
657 874 668 893 ‚
685 844 865 885 Veneris
878 845 1118 896 justissima
1138 855 1246 885 cura
1261 875 1270 891 ,

231 914 472 956 Dardanius
490 916 622 966 caput
641 924 741 956 ecce
761 924 870 966 puer
885 913 1085 956 detectus
1109 913 1343 955 honestum
1362 946 1374 964 ,

232 984 377 1033 Qualis
391 994 587 1035 gemma,
608 983 743 1024 micat
761 1014 770 1030 ‚
791 980 962 1022 fulvum
980 994 1076 1035 quae
1098 981 1254 1024 dividit
1269 992 1426 1024 aurum
1442 1015 1452 1033 ,

230 1058 315 1097 Aut
331 1056 446 1097 collo
463 1054 596 1097 decus
614 1084 624 1100 ‚
648 1059 719 1095 aut
736 1054 869 1107 capiti
885 1069 894 1101 3
913 1054 982 1094 vel
1002 1053 1128 1105 quale
1151 1063 1227 1104 per
1246 1055 1388 1095 artem

232 1126 450 1167 Inclusum
465 1126 582 1167 buxo
598 1156 608 1176 ‚
628 1128 703 1166 aut
717 1124 863 1167 Oricia
883 1122 1134 1164 terebintho
1152 1154 1160 1166 .

232 1196 365 1236 Lucet
378 1195 509 1242 ebur:
533 1192 652 1235 fusos
667 1193 814 1235 cervix
831 1192 901 1233 cui
920 1193 1061 1234 lactea
1078 1193 1221 1234 crines

231 1262 402 1317 Adcipit
419 1295 428 1310 ‚
456 1268 499 1305 et
513 1263 637 1304 molli
654 1262 916 1305 subnectens
931 1262 1124 1304 circulus
1141 1271 1268 1302 auro.

279 1336 338 1373 Te
355 1342 530 1384 quoque
554 1331 835 1383 magnanime
852 1329 1086 1379 viderunt,
1107 1332 1270 1371 Ismare
1286 1359 1294 1377 ,
1313 1331 1462 1381 gentes
1482 1361 1489 1374 .

232 1401 417 1443 Vulnera
436 1401 651 1453 dirigere,
674 1403 719 1442 et
737 1401 928 1443 calamos
948 1411 1120 1442 armare
1140 1410 1335 1446 veneno.

233 1471 417 1512 Moeonia
436 1481 646 1524 generose
666 1469 798 1511 domo
820 1481 829 1505 ε
853 1470 928 1510 ubi
949 1471 1131 1523 pinguia
1154 1471 1272 1512 culta

230 1543 525 1594 Exercentque
542 1539 648 1590 viri,
667 1540 958 1591 Pactolusque
973 1538 1126 1590 irrigat
1144 1547 1270 1579 auro.

235 1609 384 1652 Adsuit
399 1615 443 1652 et
457 1611 706 1652 Mnestheus
720 1641 729 1658 ,
752 1620 883 1663 quem
904 1608 1017 1662 pulsi
1035 1608 1220 1662 pristina
1238 1609 1376 1649 Turni

233 1685 400 1734 Aggere
424 1691 656 1723 murorum
674 1679 906 1721 sublimem,
926 1678 1063 1729 gloria
1084 1677 1221 1725 tollit;

233 1753 280 1792 Et
299 1754 440 1806 Capys
464 1768 474 1792 z
494 1751 600 1793 hinc
615 1761 780 1791 nomen
802 1752 1038 1801 Campanas
1057 1746 1235 1789 ducitur
1249 1747 1363 1789 urbi.

284 1821 352 1862 lili
369 1823 485 1864 inter
500 1830 592 1862 sese
611 1820 709 1860 duri
727 1818 969 1862 certamina
987 1817 1091 1860 belli

233 1894 519 1934 contulerant
534 1905 543 1927 t
561 1891 707 1933 media
725 1894 881 1931 AEneas
896 1887 1010 1930 freta
1023 1890 1156 1930 nocte
1170 1887 1363 1929 secabat.

235 1962 429 2015 Namque
447 1993 457 2008 .
479 1964 528 2003 ut
545 1961 598 2003 ab
617 1960 822 2001 Evandro
839 1958 991 2000 castris
1007 1958 1221 2008 ingressus
1234 1955 1427 1998 Etruscis
1446 1988 1454 2002 ,

236 2032 397 2083 Regem
416 2031 509 2073 adit
528 2064 537 2079 ‚
558 2036 602 2073 et
619 2031 710 2083 regi
730 2030 950 2071 memorat
968 2037 1219 2079 nomenque
1238 2036 1466 2079 genusque
1486 2058 1494 2070 .

233 2100 399 2150 Quidve
418 2103 563 2153 petat,
584 2099 744 2151 quidve
763 2098 856 2152 ipse
873 2096 985 2139 ferat
1004 2112 1014 2145 ;
1035 2095 1277 2137 Mezentius
1297 2105 1417 2136 arma

234 2173 338 2218 Quae
357 2171 438 2212 sibi
457 2170 663 2213 conciliet
682 2201 690 2216 ,
707 2168 993 2219 violentaque
1012 2167 1195 2219 pectora
1213 2164 1352 2206 Turni
1369 2197 1376 2209 .

233 2238 416 2287 Edocet3
433 2238 638 2280 humanis
654 2248 750 2290 quaa
770 2238 826 2278 sit
844 2234 1005 2277 fiducia
1020 2234 1151 2276 rebus

234 2307 467 2356 Admonet,
486 2306 786 2359 immiscetque
804 2315 969 2359 preces.
987 2301 1114 2345 Haud
1134 2301 1184 2345 fit
1198 2313 1323 2344 mora
1339 2315 1349 2339 ι
1367 2301 1539 2344 Tarcho

232 2378 387 2428 Jungit
404 2388 530 2430 opes,
554 2375 781 2428 foedusque
798 2374 900 2416 ferit
917 2390 927 2414 ι
946 2378 1043 2414 tum
1063 2372 1200 2414 libera
1218 2371 1292 2413 fati

235 2445 427 2489 Classem
442 2444 700 2489 conscendit
715 2443 843 2496 jussis
861 2454 968 2495 gens
990 2441 1128 2495 Lydia
1147 2440 1299 2483 divum
1318 2471 1327 2486 ,
