1917 2942
225 356 273 393 ⁷85
558 358 889 396 GEORGICON
928 357 1089 396 LIBER
1119 357 1189 395 lv.
1465 357 1478 392 ’ί
1497 355 1540 393 255

224 441 277 479 Et
292 440 490 481 manibus
512 443 683 481 Procne
703 445 854 494 pectus
877 442 1047 494 signata
1064 443 1272 484 cruentis.

227 511 390 551 Omnia
405 520 510 550 nam
529 510 615 552 late
633 513 828 557 vastant,
849 511 1053 564 ipsasque
1071 512 1273 553 volantes

225 582 311 621 Ore
333 578 479 621 ferunt
494 612 503 628 ‚
529 580 704 622 dulcem
720 580 835 622 nidis
855 581 1095 623 immitibus
1115 592 1272 623 escam.

226 651 285 689 At
303 648 459 702 liquidi
478 648 619 691 fontes
636 653 680 692 et
694 654 849 702 stagna
866 651 1055 692 virentia
1070 662 1222 693 musco

228 718 387 760 Adsint
401 751 411 768 ‚
432 722 477 761 et
497 720 640 762 tenuis
660 750 669 766 ,
694 719 864 774 fugiens
884 733 963 775 per
981 721 1181 774 gramina
1199 753 1207 770 ‚
1231 722 1349 763 rivus
1367 738 1376 768 ;

227 789 463 843 Palmaque
481 791 745 832 vestibulum
767 793 842 831 aut
858 791 1013 843 ingens
1032 791 1219 834 oleaster
1235 791 1451 833 inumbret
1476 808 1483 829 :

229 861 312 905 Ut,
334 870 471 912 quum
487 862 633 912 prima
655 862 758 902 novi
781 860 946 902 ducent
963 861 1160 902 examina
1180 872 1304 914 reges

228 930 344 970 Vere
365 940 467 978 suo,
489 929 700 982 ludetque
724 930 828 971 savis
847 931 1002 972 emissa
1015 932 1246 980 juventus,

229 997 386 1040 Vicina
407 998 569 1040 invitet
587 999 801 1042 decedere
816 1000 913 1053 ripa
933 999 1064 1041 calori
1086 1016 1096 1047 ;

228 1067 454 1120 Obviaque
470 1067 669 1122 hospitiis
688 1071 836 1111 teneat
851 1067 1152 1111 frondentibus
1170 1069 1314 1111 arbos.

232 1140 283 1176 111
307 1137 503 1178 medium
520 1171 529 1185 ,
550 1150 627 1180 seu
643 1137 773 1180 stabit
793 1140 909 1180 iners
927 1171 934 1185 ,
951 1150 1028 1180 seu
1049 1135 1242 1192 profluet
1257 1138 1434 1185 humor,

230 1210 513 1250 Transversas
532 1209 683 1250 salices
703 1210 747 1250 et
765 1208 949 1260 grandia
964 1208 1134 1260 conjice
1151 1219 1248 1249 saxa
1271 1225 1280 1247 :

233 1277 446 1318 Pontibus
466 1283 513 1319 ut
536 1278 700 1320 crebrIs
719 1278 888 1331 possint
908 1278 1162 1324 consistere,
1178 1278 1223 1319 et
1236 1277 1323 1318 alas

233 1344 434 1385 Pandere
453 1344 510 1385 ad
524 1346 722 1386 aestivum
742 1345 879 1386 solem
892 1375 903 1391 ‚
923 1346 958 1385 si
979 1344 1090 1385 sorte
1111 1347 1335 1386 morantes

234 1412 477 1464 sparserit,
499 1415 573 1454 aut
588 1420 784 1466 praeceps
803 1415 1007 1466 Neptuno
1025 1412 1290 1454 immerserit
1307 1415 1462 1454 Eurus‘

237 1485 342 1524 Haec
359 1484 525 1525 circum
546 1482 669 1525 casiae
684 1483 848 1525 virides
868 1514 876 1529 ,
901 1486 944 1524 et
964 1482 1127 1523 olentia
1146 1482 1234 1523 late

236 1555 455 1607 serpylla,
471 1557 517 1596 et
538 1554 729 1606 graviter
748 1554 953 1607 spirantis
975 1553 1103 1606 copia
1123 1552 1340 1603 thymbrae

237 1624 436 1672 Floreat,
459 1623 761 1676 irriguumque
775 1623 929 1664 bibant
946 1622 1128 1664 violaria
1155 1623 1335 1664 sontem.

238 1695 335 1745 Ipsa
355 1694 500 1733 autem
516 1722 526 1737 ‚
548 1702 625 1733 seu
642 1691 877 1734 corticibus
900 1690 976 1731 tibi
996 1694 1093 1731 suta
1113 1690 1298 1737 cavatis,

240 1765 324 1801 Seu
345 1762 467 1802 lento
489 1760 654 1802 suerint
670 1760 859 1801 alvearia
874 1759 1042 1801 vimine
1065 1761 1179 1800 texta
1199 1790 1207 1806 ‚

240 1831 461 1881 Angustos
479 1829 670 1871 habeant
688 1828 842 1869 aditus.
868 1830 904 1868 N
912 1839 979 1868 am
1004 1827 1167 1879 frigore
1187 1826 1315 1868 mella

239 1899 366 1951 Cogit
382 1899 544 1947 hienis,
567 1898 809 1952 eademque
830 1899 950 1939 calor
968 1895 1203 1951 liquefacta
1220 1899 1421 1940 remittit.

241 1970 433 2021 Utraque
448 1970 514 2011 vis
534 1969 686 2023 apibus
703 1969 869 2023 pariter
888 1966 1150 2015 metuenda3
1172 1977 1316 2019 neque
1334 1967 1421 2007 illae.

241 2039 549 2091 Nequidquam
564 2039 609 2079 in
630 2039 753 2082 tectis
772 2037 975 2081 certatim
997 2038 1148 2079 tenuia
1164 2047 1266 2079 cera

241 2108 516 2162 spiramenta
536 2109 683 2150 linunt
701 2139 709 2153 ‚
733 2106 920 2161 fucoque
940 2112 982 2150 et
1001 2107 1181 2150 floribus
1199 2118 1297 2149 oras

241 2178 447 2231 Explent,
460 2176 782 2231 collectumque
797 2179 892 2219 haec
911 2178 1004 2231 ipsa
1022 2176 1078 2219 ad
1098 2188 1283 2219 munera
1301 2178 1453 2230 gluten

245 2250 300 2289 Et
318 2249 439 2290 visco
456 2250 501 2291 et
517 2247 718 2301 Phrygiae
734 2251 911 2290 servant
934 2248 1032 2301 pice
1048 2247 1211 2289 lentius
1230 2247 1334 2288 ldae.

249 2322 371 2371 Saepe
391 2318 525 2359 etiam
540 2315 729 2366 effossis,
748 2317 783 2359 si
797 2329 902 2360 vera
917 2320 982 2359 est
1001 2316 1137 2363 fama,
1155 2316 1332 2359 latebris

248 2387 467 2430 subterra
484 2388 635 2431 [overe
652 2388 791 2430 larem
803 2420 813 2440 ,
835 2388 1096 2440 penitusque
1111 2382 1296 2440 repertae

251 2457 593 2511 Pumicibusque
612 2457 752 2505 cavis,
770 2467 994 2510 exesaeque
1016 2457 1183 2499 arboris
1204 2459 1349 2498 antro.
