1917 2942
359 320 410 357 ‘70
848 320 1181 359 GEORGICON
1588 323 1663 361 577.-

365 402 554 443 numida
573 404 669 444 vela
687 404 809 454 legit.
834 405 1067 456 Nunquam
1082 404 1433 456 imprudentibus
1452 405 1596 447 imber

362 472 516 514 obfuit
534 490 543 512 ε
562 473 773 514 antinum
786 479 1040 526 surgentem
1061 474 1241 516 vallibus
1254 476 1352 516 imis

361 544 502 585 Ae'rize
522 541 672 596 sugere
687 555 843 595 grues;
870 548 945 586 aut
962 545 1121 587 bucula
1142 545 1302 586 coelum

359 615 605 668 suspiciens
624 615 784 668 natulis
803 616 996 668 captavit
1015 615 1193 657 naribus
1215 627 1364 663 auras;

359 689 447 727 Aut
464 686 618 737 arguta
638 685 757 726 lacus
783 683 1159 726 circumvolitavit
1175 684 1389 733 hirundo;

359 757 414 795 Et
429 759 623 796 veterem
643 755 687 794 in
707 753 813 794 limo
830 764 950 795 rana-3
969 756 1169 795 cecinere
1191 755 1431 806 quereiam.

355 825 520 878 Saepius
545 825 588 866 et
605 824 729 866 tectis
748 823 1047 876 penetralibus
1065 823 1218 866 extulit
1236 833 1317 864 ova

359 896 607 946 Angustum
627 891 809 935 formica
829 894 974 933 terens
990 893 1074 936 iter
1090 909 1099 940 ;
1118 894 1162 933 et
1175 890 1285 932 bibit
1301 892 1456 944 ingens

357 969 389 1005 Α
401 976 522 1011 rcus3
539 966 583 1006 et
603 977 626 1006 e
646 966 772 1016 pastu
793 962 1011 1005 decedens
1025 963 1201 1016 agmine
1218 973 1380 1015 magno

356 1041 601 1076 ‹Torvoruni
622 1032 845 1086 increpuit
862 1031 1010 1073 densis
1026 1032 1241 1073 exercitus
1260 1031 1353 1072 alis.

356 1110 457 1145 =iam
473 1104 615 1146 varias
637 1104 777 1155 pelagi
797 1102 1025 1146 volucres,
1056 1103 1100 1142 et
1118 1111 1216 1152 quae
1237 1102 1337 1141 Asia
1355 1100 1523 1141 circuni

360 1173 567 1215 Dulcibus
589 1173 635 1213 in
650 1173 816 1224 stagnis
837 1171 1056 1211 rimantur
1071 1173 1194 1223 prata
1215 1169 1402 1222 Caystri,

355 1243 562 1284 Certatim
579 1243 723 1295 larges
743 1239 940 1281 humeris
956 1238 1190 1281 infundere
1208 1249 1326 1281 rores
1340 1271 1350 1286 ,

359 1315 487 1354 Nunc
502 1315 635 1365 caput
656 1313 877 1363 objectare
894 1309 1038 1358 fretis,
1059 1321 1180 1353 nunc
1198 1321 1373 1352 currere
1391 1311 1438 1350 in
1459 1308 1622 1352 undas.

358 1384 411 1422 Et
431 1380 577 1423 studio
596 1382 820 1423 incassum
836 1379 982 1422 videas
1003 1379 1163 1431 gestire
1181 1378 1372 1419 lavandi.

354 1456 467 1493 Tum
488 1452 642 1494 cornix
656 1452 791 1505 plena
810 1451 1007 1505 pluviam
1024 1452 1155 1492 vocat
1174 1449 1375 1503 improba
1394 1460 1529 1493 voce,

355 1525 409 1563 Et
427 1524 518 1564 sola
537 1523 583 1563 in
603 1522 718 1563 sicca
733 1530 884 1561 secum
901 1521 1116 1573 spatiatur
1137 1530 1282 1560 arena.

355 1596 421 1635 Ne
438 1595 660 1635 nocturna
681 1590 861 1644 quidem
882 1592 1113 1642 carpentes
1134 1599 1270 1642 pensa
1290 1588 1444 1642 puella:

354 1664 586 1705 Nescivere
605 1660 795 1702 hiemem
811 1692 821 1708 ‚
849 1662 958 1701 testa
980 1669 1113 1711 quum
1135 1658 1317 1699 ardente
1335 1656 1537 1716 viderent

351 1734 598 1778 Scintillare
614 1733 761 1774 oleum
782 1763 791 1782 ‚
810 1733 854 1772 et
872 1733 1024 1783 putres
1045 1739 1334 1770 concrescere
1357 1726 1529 1779 fungos.

405 1805 495 1845 Nec
515 1803 662 1842 minus
678 1811 729 1841 ex
743 1799 872 1840 imbri
892 1798 1004 1839 soles
1024 1800 1067 1839 et
1088 1799 1240 1850 aperta
1258 1807 1414 1839 serena

351 1874 637 1925 prospicere,
669 1873 713 1910 et
732 1869 862 1911 certis
884 1869 1048 1921 poteris
1069 1876 1335 1918 cognoscere
1355 1865 1502 1916 signis.

349 1946 462 1985 Nam
480 1952 622 1994 neque
641 1943 735 1981 tum
752 1938 885 1981 stellis
902 1938 1018 1979 acies
1035 1937 1189 1978 obtusa
1208 1936 1399 1983 videtum

349 2016 385 2055 N
393 2024 443 2054 ec
459 2011 602 2054 fratris
618 2011 748 2053 radiis
765 2008 953 2051 obnoxia
973 2016 1152 2058 surgere
1173 2008 1318 2050 Luna;

348 2084 516 2125 Tenuia
531 2092 615 2122 nec
633 2081 746 2122 lanae
775 2089 855 2132 per
875 2079 1036 2118 coelum
1064 2074 1228 2117 vellera
1246 2071 1344 2115 i'erri
1362 2089 1371 2120 ;

351 2153 386 2192 N
394 2163 450 2192 on
475 2150 671 2205 tepidum
691 2148 745 2189 ad
764 2149 902 2189 solem
919 2156 1086 2200 pennas
1103 2144 1150 2184 in
1167 2145 1295 2185 litore
1310 2141 1513 2196 pandunt

350 2221 528 2264 Dilectae
546 2219 721 2263 Thetidi
742 2220 948 2270 alcyones
967 2231 976 2261 ;
1000 2226 1091 2258 non
1112 2225 1187 2256 ore
1207 2214 1372 2255 solutos

348 2290 573 2333 immundi
592 2290 834 2332 meminere
853 2299 950 2330 sues
967 2289 1132 2338 Jactare
1151 2284 1369 2337 maniplos
1387 2293 1397 2320 .·

349 2363 591 2404 Atnebulee
612 2362 748 2413 magis
766 2363 851 2401 ima
870 2362 1048 2411 petunt,
1073 2367 1316 2410 campoque
1338 2354 1600 2399 recumbunt
1619 2370 1628 2400 ς

349 2433 454 2479 Solis
473 2434 516 2476 et
536 2442 738 2474 occasum
759 2440 936 2472 servans
959 2428 1012 2469 df·
1036 2427 1228 2471 culmine
1257 2432 1428 2468 summo
