1917 2942
226 361 271 399 ⁴0
711 357 937 398 ECLOGA
968 358 1019 397 V.
1468 361 1519 398 53

741 450 981 487 MENALCAS.

224 515 397 568 Incipe,
419 516 588 567 Mopse,
609 511 754 567 prior:
775 514 811 554 si
826 524 934 566 quos
949 514 1024 555 aut
1042 513 1252 566 Phyllidis
1270 513 1412 568 ignes,

226 588 315 627 Aut
333 585 508 627 Alconis
522 584 655 626 habes
671 584 821 626 laudes
838 616 848 632 ‚
868 585 1099 637 autjurgia
1113 584 1259 627 Codri.

227 655 377 708 Incipe
399 670 408 694 ε
430 655 655 707 pascentes
670 654 860 696 servabit
876 653 1051 705 Tityrus
1068 654 1233 696 haedos.

779 733 962 768 mopsus.

231 796 371 835 Immo
388 792 481 836 haec
494 823 504 841 ‚
527 795 573 835 in
589 792 722 835 viridi
741 804 883 846 nuper
902 804 1000 846 quae
1020 794 1184 836 cortice
1205 793 1290 846 fagi

226 863 428 905 Carmina
446 862 655 916 descripsi
673 894 682 910 ,
704 866 747 905 et
762 861 993 903 modulans
1010 862 1178 904 alterna
1191 862 1364 913 notavi,

228 932 459 985 Experiar:
476 933 522 973 tu
539 930 697 975 deinde
707 933 862 983 jubeto
881 934 1021 974 certet
1037 933 1266 983 Amyntas.

747 1009 988 1044 MENALCAS.

231 1072 367 1113 Lenta
385 1071 491 1113 salix
502 1074 702 1125 quantun
717 1071 898 1125 pallenti
920 1071 1039 1113 cedit
1055 1072 1179 1113 olivae
1195 1103 1204 1120 ,

232 1140 432 1182 Puniceis
449 1140 628 1182 humilis
645 1143 859 1194 quantum
873 1141 1069 1183 saliunca
1086 1141 1238 1183 rosetis
1255 1155 1267 1180 2

230 1209 405 1252 Judicio
420 1212 572 1252 nostro
589 1212 760 1252 tantum
774 1210 854 1252 tibi
873 1210 990 1256 cedit
1007 1213 1238 1264 Amyntas.

778 1288 962 1323 mopsus.

233 1347 318 1390 Sed
335 1350 380 1390 tu
397 1349 547 1392 desine
567 1348 717 1402 plura,
736 1359 846 1403 puer
860 1365 870 1398 3
886 1350 1172 1392 successimus
1189 1351 1332 1391 antro.

285 1419 556 1460 Exstinctum
573 1421 609 1459 N
613 1418 785 1472 ymphae
812 1417 1150 1462 crudelifunere
1170 1419 1376 1472 Daphnin
1410 1452 1413 1455 Α

236 1487 421 1529 Flebant
437 1503 447 1527 t
462 1499 555 1538 vos,
574 1488 726 1541 coryli,
748 1489 894 1537 testes,
915 1492 960 1531 et
982 1488 1179 1537 flumina,
1200 1488 1427 1542 Nymphis,

236 1557 379 1605 Quum
402 1588 410 1605 ‚
434 1557 658 1611 complexa
675 1558 740 1598 sui
753 1567 914 1611 corpus
929 1558 1174 1601 miserabile
1190 1558 1310 1611 gnati
1332 1591 1341 1606 ,

238 1627 381 1678 Atque
400 1627 513 1667 Deos
531 1627 660 1680 atque
676 1627 791 1668 astra
805 1628 936 1669 vocat
954 1626 1150 1670 crudelia
1168 1631 1322 1670 mater.

239 1694 275 1733 N
280 1705 340 1735 on
357 1695 434 1736 ulli
453 1697 597 1748 pastos
612 1694 693 1737 illis
708 1706 837 1749 egere
854 1694 1008 1738 diebus

240 1763 427 1815 Frigida,
447 1764 635 1819 Daphni,
648 1766 782 1807 boves
793 1763 848 1805 ad
864 1762 1061 1811 flumina;
1078 1760 1348 1814 nullaneque
1361 1772 1536 1805 amnem

241 1833 411 1876 Libavit
424 1834 672 1889 quadrupes
688 1866 697 1881 ,
714 1844 797 1877 nec
812 1834 1021 1886 graminis
1039 1833 1183 1883 attigit
1197 1830 1396 1873 herbam.

242 1902 436 1957 Daphni,
456 1906 580 1945 tuum
598 1908 759 1946 Poenos
775 1905 907 1947 etiam
923 1903 1187 1956 ingemuisse
1204 1901 1354 1943 leones

241 1973 336 2014 Inte
344 1973 475 2014 ritum
489 2006 498 2022 ,
516 1978 773 2027 montesque
787 1974 865 2016 feri
883 1973 1087 2025 silvasque
1100 1974 1356 2023 loquuntur.

243 2041 438 2096 Daphnis
457 2045 500 2085 et
518 2044 746 2086 Armenias
764 2055 897 2087 curru
916 2043 1183 2095 subjungere
1207 2042 1338 2092 tigres

243 2110 458 2160 Instituit3
478 2114 673 2168 Daphnis
692 2113 854 2155 thiasos
873 2112 1084 2154 inducere
1102 2108 1260 2152 Bacchi
1282 2140 1291 2158 ,

245 2182 299 2220 Et
317 2176 429 2221 foliis
446 2181 585 2223 lentas
604 2183 797 2224 intexere
815 2181 1019 2223 mollibus
1033 2180 1198 2222 hastas.

245 2248 353 2290 Vilis
368 2251 416 2290 ut
434 2251 662 2294 arboribus
681 2251 828 2294 decori
840 2253 927 2299 est,
947 2255 998 2293 ut
1016 2250 1177 2293 vitibus
1195 2247 1292 2293 uvae
1309 2282 1319 2298 ,

245 2320 303 2357 Ut
318 2320 524 2372 gregibus
541 2321 678 2369 tauri,
701 2325 868 2376 segetes
882 2324 931 2363 ut
946 2322 1181 2376 pinguibus
1200 2319 1314 2362 arvis
1333 2336 1344 2360 ι

244 2390 306 2428 Tu
321 2386 452 2430 decus
472 2400 602 2432 omne
621 2390 706 2432 tuis
725 2393 982 2445 :postquam
999 2395 1040 2433 te
1058 2389 1145 2433 fata
1161 2390 1358 2432 tulerunt
1371 2422 1381 2438 ,

247 2458 344 2510 Ipsa
364 2457 488 2501 Pales
507 2470 660 2516 agros,
680 2462 809 2514 atque
830 2461 920 2516 ipse
940 2461 1117 2514 reliquit
1133 2460 1306 2516 Apollo.
