1917 2942
321 292 397 331 201)
848 299 1107 343 AENEIDOS
1557 309 1638 349 285

324 377 376 415 Et
393 377 585 429 glacialis
602 378 741 421 hiems
762 381 1056 434 Aquilonibus
1074 390 1248 440 asperat
1268 389 1425 432 undas.

323 448 421 489 AEre
436 455 546 489 cavo
565 447 773 500 clipeum,
794 451 941 504 magni
961 456 1189 505 gestamen
1212 457 1396 501 Abantis
1417 492 1424 507 ,

323 515 528 558 Postibus
542 516 735 560 adversis
752 518 854 572 figo,
876 523 920 563 et
941 533 1037 564 rem
1054 525 1252 568 carmine
1267 526 1394 580 signo
1418 545 1427 569 :

323 586 484 628 AENEAS
502 596 599 629 flAEc
623 598 680 630 DE-
699 590 872 632 DANMs
894 601 1161 638 Vlc'romnns
1181 604 1316 637 Anum.

323 652 542 707 Linquere
563 658 656 698 tum
675 662 830 712 portus
844 659 997 712 jubeo,
1016 664 1062 702 et
1084 664 1317 707 considere
1338 667 1555 707 transtris.

321 726 531 766 Certatim
552 727 660 769 socii
683 727 850 771 feriunt
870 741 1006 778 mare,
1029 733 1072 773 et
1095 743 1270 786 {equora
1290 737 1494 776 verrunt.

321 796 540 837 Protenus
560 796 696 838 aerias
713 796 947 840 Pliaeacum
963 798 1271 843 abscondimus
1287 813 1424 850 arces,

322 865 559 918 Litoraque
575 867 700 919 Epiri
716 868 919 920 legimus,
940 871 1162 922 portuque
1180 872 1378 914 subimus

321 933 534 983 Chaonio,
559 937 604 977 et
623 936 785 978 celsam
805 936 1013 980 Buthroti
1031 938 1288 983 adcedimus
1306 942 1477 985 urbem.

373 1002 458 1046 Hic
473 1003 745 1047 incredibilis
766 1017 916 1048 rerum
932 1006 1047 1049 fama
1063 1013 1253 1063 occupat
1273 1022 1413 1059 aures,

321 1072 574 1116 Priamiden
591 1076 811 1116 Helenum
830 1076 982 1119 Graias
998 1089 1186 1130 regnare
1204 1090 1286 1132 per
1300 1079 1445 1131 urbes,

321 1144 539 1197 conjugio
559 1144 747 1188 AEacidae
764 1146 923 1198 Pyrrhi
939 1149 1214 1202 sceptrisque
1234 1151 1450 1204 potitum:

323 1215 375 1253 Et
392 1215 536 1268 patrio
557 1213 904 1259 Andromachen
921 1217 1082 1259 iterum
1100 1220 1277 1261 cessisse
1292 1221 1470 1262 marito.

320 1282 562 1337 Obstupui3
585 1286 786 1338 miroque
805 1286 1038 1328 incensum
1058 1290 1212 1341 pectus
1233 1300 1398 1336 amore,

321 1354 596 1406 Compellare
611 1355 773 1400 virum.
793 1356 837 1397 et
856 1367 983 1397 casus
1003 1367 1273 1409 cognoscere
1293 1358 1452 1400 tantos.

323 1423 596 1475 Progredior
612 1428 762 1478 portu,
783 1426 941 1467 classes
961 1429 1004 1468 et
1022 1426 1156 1468 litora
1176 1428 1398 1479 linquens.

321 1492 565 1536 sollemnes
588 1497 682 1535 tum
700 1494 815 1537 forte
832 1494 980 1547 dapes,
998 1499 1041 1538 et
1064 1496 1206 1538 tristia
1225 1498 1358 1549 dona,

324 1566 438 1605 Ante
457 1564 616 1606 urbem
635 1565 682 1605 in
695 1564 814 1612 luco,
834 1564 929 1607 falsi
948 1566 1187 1608 Simoentis
1209 1567 1265 1609 ad
1283 1567 1374 1608 und
1383 1581 1467 1615 am,

321 1634 501 1675 Libabat
518 1633 658 1678 cineri
678 1635 1011 1682 Andromache,
1032 1640 1270 1690 Manesque
1292 1639 1478 1681 vocabat

320 1705 593 1745 Hectoreum
605 1702 662 1746 ad
679 1704 904 1746 tumulum
923 1721 933 1744 :
949 1705 1078 1746 viridi
1093 1717 1226 1759 quem
1241 1707 1405 1759 cespite
1426 1708 1618 1755 inanem,

319 1777 372 1814 Et
387 1774 601 1827 geminas,
623 1784 799 1817 causam
813 1774 1035 1827 lacrymis.
1058 1779 1307 1818 sacraverat
1325 1787 1437 1818 aras.

321 1846 377 1884 Ut
396 1855 467 1886 me
487 1845 718 1898 conspexit
740 1844 1009 1891 venientem,
1038 1849 1081 1886 et
1100 1847 1231 1887 'l‘roia
1249 1845 1416 1888 circum

320 1918 456 1956 Arma
481 1924 633 1955 amens
664 1913 788 1959 vidit,
811 1913 983 1967 maguis
999 1915 1207 1957 exterrita
1227 1916 1437 1957 monstris

320 1984 522 2038 Deriguit
536 1985 633 2027 visu
649 1985 694 2026 iu
710 1985 860 2028 medio
874 2001 884 2032 ;
904 1986 1025 2027 calor
1042 1997 1140 2027 ossa
1157 1986 1352 2040 reliquit.

322 2057 516 2102 Labitur,
539 2057 584 2097 et
602 2056 741 2109 longo
756 2056 829 2098 vix
845 2056 1025 2098 tandem
1047 2060 1246 2110 tempore
1263 2056 1380 2098 fatur
1398 2074 1407 2097 2

323 2115 339 2165 ci
359 2127 532 2171 Verane
556 2130 596 2171 te
613 2127 757 2174 facies.
775 2140 906 2172 verus
923 2128 1028 2170 mihi
1049 2129 1235 2171 nuntius
1250 2128 1409 2175 adfers,

319 2202 427 2241 Nate
442 2198 549 2240 dea?
572 2199 740 2240 vivisne
753 2201 772 2240 ἶ)
793 2202 883 2245 aut,
909 2200 945 2241 si
960 2199 1038 2240 lux
1053 2198 1170 2240 alma
1186 2198 1382 2244 recessit,

319 2272 484 2311 Hector
499 2268 573 2309 ubi
589 2268 682 2310 cst?
696 2283 712 2305 »
733 2268 863 2315 Dixit,
882 2269 1187 2321 lacrymasque
1203 2267 1376 2315 effudit.
1392 2274 1436 2316 et
1451 2279 1631 2310 omnem

320 2338 518 2392 Implevit
542 2339 737 2381 clamore
753 2341 914 2381 locum.
939 2340 1013 2380 vix
1037 2351 1173 2392 pauca
1191 2338 1354 2380 furenti
1617 2342 1621 2347 '

317 2408 525 2461 Suinci03
545 2413 586 2452 et
607 2411 715 2453 raris
738 2411 937 2452 turbatus
960 2411 1140 2453 vocilius
1161 2409 1280 2452 hisco
1304 2423 1312 2446 ι
