1917 2942
300 345 377 385 *⁷⁴68
831 338 995 378 LIBER
1027 339 1081 377 ΙΙ.
1561 336 1603 375 91

299 430 430 471 Dives
451 437 587 482 opum
618 426 839 467 variarum
860 438 870 471 3
893 425 937 465 at
966 422 1062 465 latis
1082 423 1170 463 otia
1187 420 1358 471 fundis,

297 498 546 552 Speluncas,
574 494 751 548 vivique
773 494 916 541 lacu53
944 495 990 534 at
1003 491 1162 544 frigida
1184 493 1348 543 Tempe
1364 521 1374 540 ,

298 567 577 619 Mugitusque
595 564 731 604 boum
747 593 756 608 .
780 561 1026 614 mollesque
1046 559 1125 602 sub
1147 559 1307 601 arbore
1325 559 1470 600 somni

298 641 401 679 Non
418 637 600 678 absunt:
618 633 708 675 illic
728 632 861 675 saltus
879 642 930 674 ac
946 632 1084 674 lustra
1103 629 1293 672 ferarum
1315 660 1324 675 ‚

298 706 352 745 Et
369 706 539 758 patiens
553 713 737 757 operum
755 732 765 752 ‚
786 701 1030 752 exiguoque
1049 697 1238 745 adsueta,
1255 699 1489 749 juventus;

300 776 428 815 Sacra
457 772 590 814 deum
607 802 617 818 ‚
638 771 867 824 sanctique
886 771 1034 823 patres
1052 783 1062 816 ς
1081 772 1275 810 extrema
1295 778 1376 819 per
1395 766 1493 808 illos

299 846 325 884 J
331 843 475 885 ustitia
495 840 707 885 excedens
731 839 858 881 terris
877 837 1063 890 vestigia
1080 836 1196 878 tecit.

352 915 420 954 Me
439 922 543 953 vero
561 910 754 965 primurn
769 908 921 950 dulces
937 909 1038 949 ante
1060 907 1208 946 omnia
1224 909 1353 946 Musae
1373 936 1383 956 ‚

300 983 497 1030 Quarum
528 990 651 1022 sacra
669 977 765 1020 fero
784 976 953 1030 ingenti
973 985 1207 1030 percussus
1224 985 1398 1021 amore,

301 1050 537 1104 Adcipiant
554 1065 564 1097 3
582 1048 767 1100 coelique
784 1047 875 1089 vias
896 1050 941 1088 et
959 1043 1104 1087 sidera
1121 1047 1397 1089 monstrent.

298 1118 503 1162 Defectus
518 1118 624 1160 solis
642 1117 786 1158 varios
803 1147 812 1163 ,
829 1116 1037 1168 lunaeque
1056 1113 1253 1160 labores;

301 1188 425 1230 Unde
452 1190 618 1230 tremor
639 1185 795 1232 terris;
818 1195 904 1238 qua
925 1184 968 1223 vi
983 1183 1124 1225 maria
1142 1182 1227 1223 alta
1249 1185 1495 1225 tumescant

296 1256 520 1308 objicibus
544 1257 710 1309 ruptis,
732 1264 975 1306 rursusque
994 1253 1101 1294 inse
1121 1252 1214 1305 ipsa
1234 1250 1428 1294 residant
1446 1268 1455 1291 :

298 1325 414 1374 Quid
433 1327 603 1366 tantum
621 1327 798 1367 Oceano
825 1323 1073 1376 properent
1089 1332 1136 1362 se
1152 1321 1324 1373 tingere
1345 1320 1458 1363 soles

297 1393 478 1435 Hiberni
492 1423 502 1440 ,
522 1392 595 1435 vel
616 1403 713 1446 quae
731 1390 867 1433 tardis
882 1401 1008 1433 mora
1022 1390 1227 1433 noctibus
1245 1390 1402 1433 obstet.

297 1462 373 1503 Sin
390 1493 399 1510 ,
418 1462 496 1504 has
512 1473 569 1504 ne
587 1462 752 1516 possim
768 1463 941 1502 naturae
959 1460 1173 1502 adcedere
1189 1464 1336 1513 partes
1348 1491 1359 1508 ,

296 1532 499 1584 Frigidus
520 1532 739 1575 obstiterit
753 1531 917 1574 circum
934 1529 1177 1583 praecordia
1197 1530 1402 1582 sangui53

298 1603 419 1644 Rura
431 1601 539 1643 inihi
554 1606 598 1644 et
613 1601 724 1654 rigui
739 1601 944 1654 placeant
964 1600 1009 1640 in
1029 1598 1215 1641 vallibus
1234 1611 1385 1642 amnes
1401 1616 1412 1647 3

298 1670 499 1712 Flumina
517 1681 662 1712 amem
682 1670 899 1722 silvasque
915 1668 1131 1721 inglorius
1150 1670 1158 1708 l
1178 1669 1213 1708 Ο
1232 1697 1241 1714 ,
1266 1667 1340 1709 ubi
1357 1669 1500 1722 campi
1520 1699 1529 1714 ,

296 1740 642 1792 Spercheosque,
666 1743 711 1782 et
727 1739 970 1792 virginibus
987 1737 1201 1780 bacchata
1228 1738 1423 1779 Lacaenis

298 1810 511 1860 Taygeta!
529 1820 580 1858 o,
603 1810 678 1863 qui
698 1820 770 1852 me
784 1808 936 1861 gelidis
953 1808 1000 1849 in
1021 1807 1205 1849 vallibus
1221 1808 1367 1848 Haemi

298 1878 430 1921 Sistat
447 1911 456 1926 ,
479 1884 521 1922 et
538 1880 709 1933 ingenti
727 1890 953 1921 ramorum
967 1880 1173 1933 protegat
1190 1878 1347 1920 umbra
1358 1880 1377 1919 ἶ)

300 1948 418 1990 Felix
439 1947 514 2000 qui
528 1948 672 2002 potuit
689 1959 836 1990 rerum
855 1957 1128 1999 cognoscere
1145 1956 1294 1988 causas
1310 1977 1320 1994 ‚

300 2017 445 2068 Atque
464 2020 607 2057 metus
622 2025 775 2057 omnes
796 2018 838 2057 et
855 2013 1126 2057 inexorabile
1141 2012 1281 2055 fatum

296 2085 492 2136 subjecit
506 2084 690 2139 pedibus
706 2116 716 2133 ,
735 2084 1059 2138 strepitumque
1076 2082 1342 2126 Acherontis
1362 2084 1496 2125 avari!

298 2156 564 2196 Fortunatus
584 2156 629 2197 et
644 2155 714 2196 ille
743 2154 848 2196 deos
867 2155 940 2208 qui
958 2154 1089 2195 novit
1109 2159 1302 2207 agrestes
1320 2185 1329 2199 .

297 2227 529 2277 Panaque,
551 2224 864 2277 Silvanumque
879 2234 1030 2266 senem
1049 2255 1059 2270 ‚
1076 2223 1388 2278 Nymphasque
1408 2236 1579 2267 sorores
1600 2227 1609 2266 ξ

296 2294 424 2335 Illum
439 2305 529 2336 non
546 2295 695 2349 populi
719 2294 852 2336 fasces
872 2325 880 2341 ,
902 2304 995 2335 non
1014 2305 1211 2348 purpura
1234 2305 1383 2347 regum
1404 2326 1413 2341 ,

298 2364 454 2410 Fient,
475 2366 519 2407 et
539 2363 696 2406 infidos
715 2363 882 2416 agitans
905 2362 1129 2405 ellscordia
1145 2362 1323 2411 fratres,

304 2434 387 2474 Aut
407 2434 640 2485 conjurato
658 2433 927 2477 descendens
946 2437 1088 2476 Dacus
1118 2433 1169 2476 al)
1193 2433 1369 2481 Histross.

1407 2528 1443 2566 7.
