1917 2942
230 354 299 394 450
735 355 898 394 LIBER
926 355 1000 394 xl.
1451 357 1528 395 1⁴¹9

229 446 339 496 Quin
354 446 398 487 et
417 444 567 486 fatales
587 453 817 484 murorum
838 442 1055 484 adtollere
1074 441 1214 484 moles
1231 474 1239 486 .

228 516 414 565 Saxaque
434 513 690 554 subvectare
706 510 901 552 humeris
914 513 1100 562 Trojana
1117 510 1303 561 juvabit.
1326 525 1342 547 n

277 583 452 622 Dixerat
470 580 585 627 base,
610 590 787 632 unoque
804 589 956 621 omnes
976 578 1128 622 eadem
1148 589 1224 621 ore
1242 578 1501 622 fremebant.

230 652 297 693 Bis
315 661 444 692 senos
460 650 670 704 pepigere
687 648 800 694 dies,
826 650 897 695 et,
920 660 1027 702 pace
1049 651 1292 701 sequestra,

230 723 312 763 Per
330 720 456 762 silvas
476 719 653 765 Teucri,
672 717 882 771 mixtique
901 718 1083 771 impune
1105 717 1246 759 Latini

231 793 438 830 Erravere
453 788 586 840 jugis.
605 791 739 828 Ferro
758 789 886 828 sonat
902 786 990 827 icta
1004 786 1183 839 bipenni

230 858 437 900 Fraxinus
455 870 465 894 ι
489 859 698 899 evertunt
713 860 830 899 actas
852 856 907 897 ad
928 856 1071 899 sidera
1090 856 1217 909 pinus
1236 871 1246 895 ι

230 929 400 970 Robora
420 938 504 970 nec
519 928 672 969 cuneis
692 929 736 969 et
756 927 954 969 olentem
975 927 1177 968 scindere
1195 925 1376 968 cedrum
1396 959 1405 974 ‚

231 999 264 1038 N
270 1009 318 1039 ec
338 997 540 1052 planstris
559 1001 731 1039 cessant
745 1001 918 1038 vectare
935 995 1211 1047 gementibus
1233 1006 1381 1037 ornos.

280 1069 332 1107 Et
346 1067 437 1117 jam
456 1067 589 1106 Fama
608 1065 787 1109 volans.
813 1064 923 1105 tanti
940 1064 1187 1117 praenuntia
1206 1065 1346 1107 luctus
1361 1097 1370 1111 ‚

230 1135 481 1177 Evandrum
500 1134 777 1187 Evandrique
793 1133 945 1175 domos
965 1136 1009 1175 et
1027 1134 1187 1174 mee-nia
1207 1135 1401 1185 complrt
1415 1165 1425 1184 ‚

232 1209 335 1256 Quae
354 1206 487 1248 modo
503 1205 718 1247 victorem
743 1206 866 1246 Latio
888 1204 1086 1246 Pallanta
1109 1202 1292 1246 ferebat.

233 1275 420 1316 Arcades
435 1273 489 1316 ad
505 1277 650 1327 portas
666 1285 797 1315 ruere
814 1305 822 1324 ‚
844 1276 888 1316 et
906 1272 960 1315 de
982 1284 1103 1315 more
1119 1276 1295 1315 vetusto

232 1347 449 1386 Funereas
469 1355 654 1398 rapuere
674 1343 804 1386 faces.
826 1346 964 1385 Lucet
981 1344 1051 1384 via
1069 1343 1205 1395 longo

232 1415 396 1457 Ordine
417 1414 712 1461 flammarum,
738 1417 781 1456 et
798 1414 886 1455 late
906 1413 1185 1455 discriminat
1205 1423 1346 1466 agros.

234 1487 393 1525 Contra
409 1485 536 1527 turba
554 1484 779 1536 Phrygum
795 1483 977 1526 veniens
993 1483 1243 1538 plangentia
1259 1484 1455 1535 jungunt

236 1554 432 1606 Agmina.
452 1556 558 1604 Quae
574 1559 806 1608 postquam
823 1557 984 1594 matres
998 1551 1231 1595 succedere
1253 1553 1376 1594 tectis

236 1624 446 1667 Viderunt
461 1657 470 1671 ,
488 1627 683 1667 maestam
703 1623 950 1666 incendunt
966 1623 1227 1664 clamoribus
1245 1623 1415 1665 urbem.

235 1697 290 1734 At
306 1705 397 1736 non
412 1693 670 1736 Evandrum
686 1695 802 1747 potis
821 1694 886 1735 est
902 1692 968 1734 vis
988 1692 1076 1733 ulla
1097 1697 1272 1740 tenere:

236 1763 316 1805 Sed
333 1763 516 1805 venitin
533 1763 719 1807 medios.
736 1766 919 1805 Feretro
933 1762 1132 1804 Pallanta
1149 1765 1327 1815 reposto

236 1833 478 1875 Procubuit
494 1844 643 1887 super,
662 1836 791 1887 atque
812 1832 950 1874 haeret
975 1832 1310 1885 lacrymansque
1329 1843 1533 1886 gemens-

237 1902 291 1941 Et
306 1901 376 1942 via
394 1901 463 1943 vix
479 1901 658 1943 tandem
676 1902 772 1942 voci
792 1900 932 1941 laxata
946 1899 1099 1941 dolore
1116 1903 1180 1942 est
1199 1916 1209 1940 ε
1412 1902 1533 1954 [que,

291 1983 307 2005 ι
329 1970 428 2009 Non
447 1968 540 2011 haec
558 2000 567 2017 ‚
591 1980 617 2011 o
632 1968 754 2009 Palla
768 1999 778 2015 ,
802 1966 986 2010 dederas
1001 1968 1212 2021 promissa
1231 1970 1403 2022 parenti
1421 2001 1429 2016 ,

239 2038 413 2080 Cautius
428 2043 474 2080 ut
491 2048 608 2079 saevo
622 2037 754 2079 velles
776 2041 816 2080 te
832 2036 1013 2079 credere
1028 2038 1176 2079 Marii!

240 2104 553 2162 Haudignarus
572 2118 693 2150 eram
712 2139 721 2158 ,
743 2111 955 2161 quantum
976 2119 1091 2149 nova
1105 2107 1247 2160 gloria
1262 2110 1308 2150 in
1329 2110 1460 2151 armis
1474 2140 1484 2157 ,

240 2180 291 2218 Et
306 2179 525 2231 praedulce
546 2177 680 2219 decus
698 2177 844 2230 primo
861 2177 1099 2218 certamine
1115 2181 1278 2230 posset.

241 2248 445 2290 Primitiae
458 2248 630 2299 „iuvenis
649 2246 842 2289 miserae!
864 2246 1061 2299 bellique
1079 2247 1321 2302 propinqui

243 2319 359 2358 Dura
378 2316 628 2359 rudimenta
648 2319 657 2357 l
677 2320 720 2359 et
740 2316 850 2358 nulli
868 2316 1073 2358 exaudita
1093 2317 1280 2360 deorum

243 2390 346 2430 Vota
364 2399 602 2443 precesque
621 2389 755 2431 meael
779 2391 944 2442 Tuque,
967 2399 994 2430 o
1010 2389 1281 2432 sanctissima
1301 2392 1484 2442 conjux,

243 2456 362 2500 Felix
381 2459 521 2502 morte
544 2460 618 2501 tua
632 2488 642 2507 ,
666 2468 807 2511 neque
824 2454 868 2500 in
886 2456 1008 2501 hunc
1021 2460 1192 2503 servata
1208 2457 1407 2503 dolorem
1425 2463 1434 2501 !
