1917 2942
215 300 294 340 367
759 300 919 339 LIBER
952 301 999 337 V.

220 392 398 438 Ensem‚
421 391 552 440 atque
574 384 791 438 insignem
811 387 997 438 galeam,
1021 385 1177 427 solatia
1198 388 1332 428 victo.

274 458 311 497 N
318 468 367 499 ec
388 467 537 501 mora;
560 456 775 497 continuo
789 454 922 497 vastis
943 467 1045 498 cum
1067 455 1234 497 viribus
1250 454 1378 498 eftert

223 529 314 568 Ora
330 529 480 572 Dares,
500 534 750 577 magnoque
769 524 914 565 virsim
930 535 975 564 se
996 534 1224 566 murmure
1248 523 1360 564 toltit
1380 538 1388 559 ε

223 596 350 638 Solus
371 596 444 649 qui
460 594 666 635 Paridem
686 594 841 636 solitus
862 592 1136 635 contendere
1156 598 1337 641 conti-213

221 664 432 718 Idemque
452 664 503 705 ad
529 664 764 710 tumulum,
788 672 876 714 quo
897 662 1111 702 maximus
1129 663 1317 703 occubat
1334 664 1517 709 Hector,

222 736 450 777 Victorem
470 736 631 784 Buten,
649 733 828 774 immani
853 743 1056 786 corpore,
1080 733 1156 785 qui
1179 744 1225 774 se

221 805 439 858 Bebrycia
456 806 639 847 veniens
660 803 816 856 Amyci
836 802 889 844 de
912 806 1042 855 gente
1063 802 1243 850 terebat,

224 874 436 921 Perculit,
454 875 498 915 et
515 872 634 914 fulva
653 871 970 913 moribundum
989 870 1183 913 extendit
1202 881 1351 913 arena.

223 944 335 985 Talis
352 945 494 998 prima
510 946 647 984 Dares
663 944 798 995 caput
815 941 951 983 altum
971 942 1016 981 in
1037 943 1187 994 przeiia
1210 940 1347 983 tollit:

226 1013 519 1066 Ostenditque
538 1012 748 1055 humeros
767 1014 890 1058 latos,
915 1012 1172 1065 alternaque
1185 1014 1326 1064 jactat

221 1083 408 1126 Brachia
428 1083 715 1138 protendens,
739 1087 781 1124 et
803 1083 1006 1124 verberat
1029 1082 1189 1123 ictibus
1209 1093 1354 1124 auras.

224 1154 446 1204 Quaeritur
463 1153 567 1196 huic
587 1154 693 1195 alius
719 1166 727 1189 :
748 1164 831 1195 nec
849 1153 1077 1206 quisquam
1097 1164 1149 1194 ex
1166 1153 1343 1205 agmine
1367 1156 1488 1194 tauto

226 1225 374 1267 Audet
387 1224 509 1266 adire
529 1224 690 1271 virum,
714 1222 1240 1276 niaziibiis‹:1iieinduc.ere
1261 1226 1422 1266 cestus.

225 1295 343 1346 Ergo
359 1292 527 1340 alacris,
550 1294 823 1345 cunctosque
838 1295 998 1343 putans
1015 1292 1226 1334 excedere
1245 1292 1408 1345 palma,

225 1364 371 1404 AEnezc
387 1362 510 1417 stetit
523 1363 625 1402 ante
645 1360 802 1414 pedes;
825 1372 909 1404 nee
927 1362 1057 1414 plura
1077 1367 1293 1411 moratus,
1323 1355 1325 1357 ’

224 1436 335 1473 Tum
351 1432 462 1473 laeva
482 1434 660 1473 taurum
682 1441 825 1472 cornu
841 1435 976 1478 tenet,
999 1433 1128 1484 atque
1144 1433 1206 1473 ita
1224 1432 1339 1475 satur
1357 1451 1369 1473 .-

229 1519 245 1539 a
265 1504 376 1544 Nate
395 1500 491 1547 dea,
520 1501 556 1542 si
575 1512 709 1542 nemo
726 1500 860 1543 audet
877 1511 921 1541 se
941 1501 1120 1544 eredere
1140 1514 1317 1556 pugnae.

227 1574 335 1622 Quae
355 1570 453 1612 finis
473 1570 657 1612 standi?
683 1581 770 1623 quo
787 1581 859 1612 me
880 1570 1006 1613 decet
1027 1582 1165 1624 usque
1185 1574 1325 1614 teneri
1339 1575 1358 1614 ἒ)

227 1646 403 1684 Ducere
421 1642 541 1683 dona
555 1640 676 1691 jube.
701 1656 717 1678 n
743 1642 903 1682 Cuncti
921 1641 1052 1682 simul
1073 1652 1152 1684 ore
1173 1640 1422 1685 fremebant

229 1709 509 1756 Dardanidae,
528 1708 744 1761 reddique
762 1707 857 1751 viro
879 1709 1090 1763 promissa
1104 1709 1334 1760 jubebant.

228 1779 313 1821 I-Iie
328 1779 470 1832 gravis
486 1779 710 1820 Entellum
725 1777 852 1820 dictis
875 1779 1058 1830 castigat
1073 1782 1264 1825 Acestes.

230 1850 463 1891 Proximus
479 1850 528 1890 ut
546 1848 655 1890 virid
663 1851 764 1891 ante
784 1852 881 1890 toro
896 1849 1156 1892 consederat
1177 1849 1326 1891 herbae
1349 1866 1358 1888 ι

235 1936 251 1958 α
271 1919 459 1968 Entelle,
480 1919 668 1962 heroum
688 1919 911 1973 quondam
936 1919 1173 1962 fortissime
1193 1920 1369 1966 frustra,

230 1992 428 2031 Tantane
447 1992 535 2030 tam
551 1989 723 2042 patiens
737 1989 860 2030 nulio
881 1989 1125 2031 certamine
1148 1988 1242 2030 tolli

232 2063 360 2100 Dona
376 2047 528 2100 sines?
551 2058 627 2098 ubi
647 2069 766 2100 nunc
787 2058 913 2099 nobis
936 2057 1044 2099 deus
1062 2057 1148 2106 ilie,
1171 2059 1380 2109 magister

233 2127 540 2181 Nequidquam
556 2130 840 2172 memoratus,
858 2129 1003 2178 Eryx?
1020 2128 1095 2169 ubi
1115 2128 1227 2168 fama
1245 2139 1325 2181 per
1340 2139 1519 2171 omnem

233 2198 521 2245 Trinacriam,
540 2201 583 2239 et
600 2197 739 2250 spolia
754 2196 829 2238 iila
846 2198 933 2239 tuis
948 2197 1190 2249 pendentia
1212 2199 1374 2241 tectis}>
1397 2215 1411 2235 »

286 2267 362 2308 lite
381 2266 460 2308 sub
478 2266 599 2308 haec:
627 2282 643 2302 «
665 2268 764 2307 Non
786 2267 924 2309 laudis
945 2278 1081 2315 amor,
1104 2279 1186 2311 nec
1205 2269 1345 2320 gloria
1365 2270 1496 2312 cessit

234 2336 360 2378 Pulsa
384 2339 502 2380 metu
522 2352 532 2384 ;
559 2337 634 2378 sed
652 2337 772 2379 enim
794 2338 965 2389 gelidus
983 2339 1183 2388 tardante
1201 2341 1379 2382 senecta

241 2407 426 2459 Sanguis
440 2407 585 2455 hebet,
611 2407 861 2461 frigentque
882 2408 1024 2451 effetae
1050 2409 1093 2450 in
1114 2420 1303 2462 corpore
1324 2410 1455 2451 vires.

1455 304 1489 340 ἔθ’

1487 303 1533 340 ἶέ
