1917 2942
313 340 388 378 {2ss
800 339 1127 378 GEORGICON
1540 339 1617 378 5105

307 428 429 465 Inter
450 435 555 477 quas
570 434 724 465 curam
739 423 949 475 Clymene
972 424 1180 465 narrabat
1203 423 1377 465 inanem

316 493 500 536 Vulcani
514 525 524 543 ‚
542 494 783 545 Martisque
804 493 933 534 dolos
948 497 1000 536 et
1019 493 1166 535 dulcia
1186 493 1327 542 furta3

317 565 461 616 Atque
481 562 602 604 Chao
623 562 782 605 densos
797 562 946 606 divum
963 564 1225 605 numerabat
1244 574 1432 605 amores.

314 633 520 673 Carmine
538 637 806 685 quocaptae,
832 631 938 672 dum
958 632 1062 674 fusis
1086 632 1233 674 mollia
1252 643 1387 685 pensa

317 703 565 745 Devolvunt
581 735 590 751 ‚
615 704 776 745 iterum
792 706 1013 743 maternas
1029 702 1203 755 impulit
1224 713 1351 744 aures

316 777 479 813 Luctus
500 773 696 820 Ar-istzei,
722 771 961 824 vitreisque
986 770 1191 814 sedilibus
1208 783 1361 814 omnes

314 842 618 896 Obstupuere;
639 841 712 885 sed
733 844 836 883 ante
853 840 955 883 alias
978 841 1113 883 Are-th
1122 854 1198 883 usa
1212 853 1387 885 sorores

313 912 609 965 prospiciens,
632 923 801 953 summa
824 911 989 953 ssavum
1008 912 1145 965 caput
1166 912 1322 953 extulit
1340 911 1474 953 unda.

313 985 368 1023 Et
387 982 570 1036 procul:
596 994 612 1017 ει
640 985 675 1023 Ο
693 982 862 1034 gemitu
881 991 972 1022 non
995 980 1157 1023 frustra
1175 982 1381 1023 exterrita
1402 983 1546 1026 tanto.

316 1057 491 1104 Cyrene.
509 1063 662 1100 soror,
683 1053 777 1106 ipse
797 1053 902 1101 tibi,
927 1055 1002 1093 tua
1021 1054 1210 1094 maxima
1229 1062 1362 1098 cura,

315 1123 473 1164 Tristis>
491 1124 703 1165 Aristaeus
719 1124 854 1166 Penei
874 1123 1087 1175 genitoris
1109 1122 1164 1164 ad
1180 1121 1348 1164 undam

317 1194 410 1234 Stat
427 1194 698 1245 lacrymans,
722 1196 762 1234 et
784 1196 824 1234 te
845 1192 1068 1235 crudelem
1085 1191 1268 1234 nominc
1288 1191 1410 1233 dici-t.
1432 1206 1447 1227 »

366 1264 483 1305 Huic
500 1273 706 1316 percussa
735 1273 852 1304 nova
871 1267 1070 1305 mentem
1090 1261 1332 1304 formidine
1353 1268 1491 1303 mater
1510 1294 1519 1308 ,

320 1347 337 1369 α
363 1335 484 1380 Duc,
508 1343 612 1385 age,
634 1333 722 1376 duc
742 1333 795 1374 ad
815 1344 918 1381 nos3
942 1332 1001 1375 Fas
1020 1333 1082 1374 ilii
1104 1333 1256 1374 limina
1274 1331 1426 1374 divum

317 1405 541 1454 Tangere.
565 1404 640 1443 ait.
662 1418 678 1441 »
708 1404 845 1444 Simul
865 1402 952 1443 alta
966 1404 1091 1455 jubet
1107 1401 1337 1445 discedere
1357 1403 1442 1443 late

316 1472 548 1520 Flumina,
572 1484 656 1526 qua
672 1473 848 1524 juvenis
867 1483 1038 1524 gressus
1059 1472 1262 1515 inferret.
1285 1476 1337 1513 At
1356 1472 1479 1513 illum

318 1546 510 1585 curvata
533 1543 580 1583 in
601 1543 763 1585 montis
782 1542 938 1584 faciem
960 1544 1250 1585 circumstetit
1269 1543 1401 1594 unda,

317 1611 592 1668 Adcepitque
610 1613 707 1654 sinu
730 1614 877 1658 vasto,
903 1612 1111 1665 misitque
1137 1612 1216 1653 sul)
1235 1623 1425 1653 amnem.

315 1684 504 1733 Jamque
525 1679 708 1722 domum
729 1681 894 1721 mirans
921 1680 1168 1732 genitricis,
1194 1683 1236 1720 ct
1263 1679 1443 1720 humida
1465 1690 1598 1731 regna
1613 1710 1623 1729 ,

317 1750 632 1804 speluncisque
647 1751 767 1792 lacus
786 1750 978 1797 clausos,
1001 1750 1215 1802 lucosque
1235 1752 1467 1793 sonantes,

317 1819 434 1866 Ibat,
459 1823 525 1866 et,
548 1819 715 1871 ingenti
734 1822 860 1861 motu
878 1818 1148 1872 stupefactus
1165 1830 1402 1871 aquarum,

317 1889 474 1929 Omnia
498 1887 577 1930 sub
597 1899 760 1941 magna
782 1889 976 1932 labentia
995 1886 1176 1929 flumina
1201 1894 1318 1929 terra

318 1958 550 2010 Spectabat
566 1956 740 2000 diversa
753 1958 883 2005 locis,
908 1958 1194 2010 Phasimque,
1214 1959 1469 2009 Lycumque
1488 1989 1495 2002 .

315 2030 370 2067 Et
390 2030 535 2079 caput,
553 2027 672 2070 unde
692 2027 802 2072 altus
820 2027 1014 2080 primum
1035 2037 1080 2068 se
1096 2026 1290 2079 erumpit
1307 2027 1521 2085 Enipeus;
1565 2030 1568 2032 ’

317 2097 444 2140 Unde
463 2101 587 2150 pater
604 2098 853 2149 Tiberinus,
876 2099 919 2138 et
935 2098 1056 2140 unde
1073 2097 1247 2139 Aniena
1266 2095 1453 2141 fluenta,

315 2171 610 2219 saxosumque
626 2179 788 2213 sonans
806 2171 844 2208 H
850 2169 1019 2221 ypanis.
1041 2170 1276 2221 Mysusque
1292 2169 1467 2210 Caicus,

315 2240 370 2277 Et
388 2239 563 2289 gemina
583 2239 761 2279 auratus
779 2238 953 2279 taurino
972 2248 1143 2279 cornua
1161 2236 1288 2279 vultu

318 2303 535 2348 Eridanus
554 2338 563 2355 ,
584 2318 671 2360 quo
692 2316 784 2348 non
803 2308 908 2351 alius
929 2319 1010 2360 per
1028 2307 1209 2361 pinguia
1228 2304 1344 2348 culta

319 2381 370 2419 ln
390 2388 511 2420 mare
524 2388 802 2431 purpureum
819 2377 1059 2419 violentior
1082 2375 1224 2418 effluit
1242 2378 1400 2418 amnis.

373 2448 611 2499 Postquam
627 2446 754 2492 estin
771 2444 946 2488 thalami
968 2444 1207 2497 pendentia
1224 2446 1395 2498 pumice
1421 2447 1532 2485 tecta
