1917 2942
768 327 915 367 MTA.
1446 329 1487 367 Η

192 429 333 464 suum
354 415 627 475 principem
650 413 884 473 Virgilius
905 412 1153 472 expressit,
1173 412 1293 458 utin
1316 412 1490 471 AEnea,

192 494 392 542 velutin
415 494 630 552 speculo,
668 493 715 538 et
748 493 991 551 Augustus
1017 490 1122 550 ipse
1149 503 1223 544 se,
1247 493 1293 538 et
1330 494 1493 554 Augu-

196 576 323 618 stum
343 571 551 618 Romani
572 582 671 617 non
693 570 990 630 adgnoscere
1011 582 1108 616 non
1127 572 1338 628 possent,

255 650 422 709 Quum
443 649 594 708 igitur
618 649 677 694 ad
700 647 750 694 id
770 647 1009 707 Augustus
1041 648 1173 694 omni
1198 649 1245 694 et
1270 650 1492 698 consilio-

197 742 308 778 rum
332 728 567 787 adparatu
586 728 634 772 et
651 727 777 772 mole
797 727 1034 773 bellorum
1053 727 1307 785 spect-aret,
1329 730 1381 774 ut
1401 729 1500 775 Ro-

198 819 397 853 manum
425 805 686 864 imperium
715 804 771 850 ad
806 816 986 851 novam
1022 805 1230 851 formam
1263 805 1495 866 fingeret,

198 898 255 932 eo
276 897 466 945 quoque
475 882 774 943 quidquidiu
796 883 1000 930 AEneide
1010 886 1237 931 narratur
1255 887 1502 945 pertinere

200 964 351 1011 voluit
370 963 631 1021 VirgiliuS,
654 963 708 1008 ut
727 961 997 1019 Trojanum
1017 961 1279 1021 imperium
1298 965 1349 1012 in
1363 967 1500 1013 Italia

205 1041 513 1087 conderetur.
536 1042 641 1086 Hoc
659 1052 813 1085 unum
833 1040 930 1085 tot-a
960 1039 1167 1087 AEneide
1187 1043 1348 1103 agitur
1357 1061 1372 1098 ,-
1396 1058 1503 1104 quae

205 1118 400 1178 quidem
420 1118 655 1176 propositi
674 1117 981 1177 simplicitaS,
1003 1120 1050 1164 et
1069 1132 1234 1166 rerum
1250 1122 1501 1181 dignitate,

204 1199 250 1243 et
268 1203 529 1243 eventuum
548 1196 943 1252 admirabilitate,
957 1198 1004 1243 et
1020 1199 1252 1246 narrandi
1274 1202 1509 1249 verisimi-

207 1276 406 1323 litudine
425 1276 470 1321 et
495 1274 797 1334 jucunditate
816 1277 1199 1323 commendatur.

267 1358 373 1402 Hoc
392 1356 553 1400 autem
571 1354 695 1400 tanti
714 1353 901 1400 consilii
929 1366 1100 1414 poema
1121 1356 1238 1402 dum
1256 1359 1508 1416 scriberet,

211 1447 270 1492 ne
285 1434 401 1494 quid
422 1434 657 1492 impetum
667 1434 941 1479 moraretur
953 1466 967 1485 ‚
987 1433 1210 1492 quaedam
1227 1435 1508 1496 imperfecta

213 1513 405 1571 reliquit
417 1530 431 1567 3
455 1512 547 1557 alia
567 1511 820 1558 levissimis
832 1511 1054 1558 versibus
1073 1514 1263 1559 tantum
1278 1518 1416 1574 quasi
1429 1518 1511 1564 de-

212 1592 437 1647 lineavit,
458 1604 576 1650 quos
607 1603 694 1649 per
711 1590 878 1648 jocum
901 1602 990 1649 pro
1017 1590 1179 1650 tigillis
1208 1605 1264 1638 ac
1296 1593 1508 1642 tibicini-

215 1671 302 1715 bus
327 1669 534 1729 supponi
570 1681 597 1715 a
636 1680 685 1714 se
716 1668 905 1715 dicebat
940 1667 1001 1715 ad
1038 1669 1333 1718 fulciendum
1362 1675 1512 1721 aedifi-

217 1749 345 1795 cium
360 1781 372 1801 ,
393 1748 548 1794 donec
568 1748 802 1794 columnae
823 1747 1132 1794 advenirent.
1158 1749 1302 1807 Quod
1319 1752 1514 1811 quidem

218 1840 336 1886 opus
355 1824 582 1873 tractavit
605 1838 692 1887 per
711 1825 965 1873 duodecim
992 1838 1169 1879 annOS,
1206 1827 1395 1876 abditus
1416 1831 1518 1880 fere

220 1918 411 1952 amoeno
449 1905 630 1965 partim
671 1903 973 1963 Campaniae,
1013 1904 1192 1963 partim
1231 1905 1406 1955 Siciliae
1444 1924 1517 1957 se—

222 1997 373 2031 cessu⁸

282 2064 437 2109 Tanta
458 2063 549 2109 suit
572 2068 699 2109 fama
722 2062 802 2109 vix
820 2060 1057 2108 inchoatae
1071 2060 1327 2122 AEneid08‚
1350 2068 1405 2114 ut
1419 2069 1519 2129 jam

224 2142 328 2186 tum
368 2141 538 2188 Sextus
579 2141 863 2199 Propertius
898 2141 1269 2198 exclamaverit,
1322 2145 1406 2192 lili.
1445 2149 1517 2203 II,

227 2219 346 2278 eleg.
371 2231 484 2273 xxv,
508 2231 556 2265 v.
580 2221 667 2265 65:
704 2227 707 2229 ’

405 2383 551 2426 cedite,
574 2382 736 2419 Romani
751 2383 976 2428 scriptores,
995 2384 1141 2428 cedite,
1159 2386 1261 2423 Graii
1289 2399 1296 2422 :

451 2444 582 2479 Nescio
599 2443 689 2487 quid
702 2446 826 2485 maius
841 2444 1013 2480 nosritur
1034 2445 1165 2482 iliade.

1335 2549 1373 2586 ΞΘ
