1917 2942
358 327 436 366 290
881 327 1136 367 AENEIDOS
1578 335 1653 374 582

358 412 440 455 Hic
460 416 503 455 et
518 411 696 454 Aloidas
711 414 926 465 geminos,
949 414 1173 458 immania,
1191 415 1279 457 vidi

355 484 578 533 Corpora:
599 482 673 534 qui
694 482 898 523 manibus
918 494 1129 535 magnum
1147 484 1399 528 rescindere
1420 488 1579 529 coelum

354 551 571 600 Aegi-essi,
594 552 854 604 superisque
869 554 1027 593 Jovem
1048 552 1283 596 detrudere
1304 556 1466 606 regnis.

358 619 458 660 vidi
480 621 524 661 et
542 618 741 662 crudeles
759 620 938 662 dantem
954 623 1184 664 Salmonea
1201 634 1366 675 poenas,

355 690 472 728 Dum
494 687 687 730 flammas
706 689 828 730 Jovis
849 692 893 731 et
912 690 1081 731 sonitus
1102 690 1301 733 imitatur
1318 692 1496 748 Olympi
1514 712 1523 734 z

354 760 554 806 Quatuor
571 756 643 800 hic
661 759 860 801 invectus
877 757 1011 811 equis,
1030 762 1073 800 et
1087 759 1290 812 lampada
1306 773 1532 814 quassam,

356 829 443 868 Per
463 826 642 868 Graium
663 828 848 881 populos
867 827 1112 881 mediaeque
1132 840 1209 881 per
1230 829 1362 872 Elidis
1380 833 1534 874 urbem

352 895 448 938 Ibat
462 907 611 945 ovans,
629 896 872 948 divumque
887 896 971 938 sibi
984 898 1189 950 poscebat
1207 898 1423 940 honorem
1439 918 1449 941 ι
1512 918 1515 921 ·

352 966 569 1008 Demens!
594 966 669 1026 qui
690 965 877 1011 nimbos,
899 969 943 1007 et
957 976 1049 1006 non
1072 967 1283 1011 imitabile
1304 969 1470 1011 fulmen

354 1039 454 1078 AEre
475 1040 519 1078 et
537 1035 829 1088 cornipedum
848 1034 976 1089 pulsu
994 1037 1220 1079 simularat
1238 1050 1468 1092 equorum.

353 1109 412 1149 At
428 1113 551 1160 pater
568 1109 849 1161 omnipotens
867 1106 1003 1149 densa
1018 1108 1133 1150 inter
1153 1108 1302 1150 nubila
1321 1111 1457 1150 telum

355 1178 601 1225 contorsit3
624 1187 717 1217 non
732 1176 804 1218 ille
826 1174 954 1223 faces,
975 1188 1058 1218 nec
1078 1176 1224 1218 fumea
1245 1176 1367 1218 taedis

356 1248 567 1294 Lumina3
588 1245 949 1300 praecipitemque
971 1246 1152 1287 immani
1169 1248 1343 1289 turbine
1363 1247 1522 1300 adegit.

352 1319 442 1358 Nec
460 1327 551 1357 non
571 1319 615 1357 et
631 1316 806 1366 Tityon,
828 1320 972 1357 Terrae
993 1317 1311 1369 omniparentis
1329 1317 1567 1362 alumnum,

354 1388 544 1427 Cernere
564 1385 657 1426 erat
677 1399 686 1422 ι
704 1395 782 1438 per
807 1387 899 1425 tota
914 1395 1074 1427 novem
1096 1385 1166 1427 cui
1181 1386 1341 1437 jugera
1359 1396 1520 1438 corpus

354 1454 628 1505 Porrigitur3
648 1455 881 1505 rostroque
895 1453 1100 1495 immanis
1118 1456 1268 1496 vultur
1286 1455 1462 1496 obunco

354 1523 607 1565 Immortale
616 1524 747 1573 jecur
765 1522 964 1567 tondens,
989 1522 1263 1575 secundaque
1283 1524 1423 1576 poenis

356 1594 547 1640 Viscera,
569 1595 841 1645 rimaturque
856 1592 1012 1644 epulis,
1024 1591 1276 1645 habitatque
1296 1593 1376 1634 sub
1392 1593 1482 1634 alto

356 1664 566 1710 Pect01‘e3
586 1673 668 1704 nec
687 1661 804 1703 [ibris
822 1662 997 1713 requies
1018 1660 1148 1702 datur
1164 1662 1251 1702 ulla
1270 1661 1448 1702 renatis.

356 1732 473 1781 Quid
489 1741 732 1773 memorem
749 1730 972 1784 Lapithas,
990 1730 1152 1779 Ixiona,
1172 1730 1533 1785 Pirithoumque?

354 1804 472 1851 Quos
490 1813 623 1854 super
639 1803 732 1842 atra
746 1799 854 1842 silex
870 1802 961 1850 jain
978 1801 1070 1850 jam
1089 1800 1262 1853 lapsura
1279 1799 1539 1851 cadentique

354 1873 565 1914 Imminet
578 1870 785 1913 adsimilis
804 1887 813 1911 :
830 1870 984 1913 lucent
1004 1870 1247 1922 genialibus
1264 1870 1362 1911 altis

356 1944 499 1984 Aurea
517 1940 653 1982 fulcra
667 1941 793 1988 toris,
819 1940 1046 1993 epulaeque
1062 1942 1164 1982 ante
1181 1951 1257 1982 ora
1272 1945 1435 1994 paratae

355 2009 548 2063 Regifico
564 2013 665 2053 luxu
682 2027 691 2058 ;
717 2011 948 2052 Furiarum
966 2010 1154 2052 maxima
1167 2012 1291 2062 juxta

354 2080 576 2129 Adcubat,
600 2083 646 2122 et
670 2081 870 2123 manibus
885 2081 1095 2134 prohibet
1114 2072 1372 2133 contingere
1388 2091 1573 2124 mensas,

355 2152 639 2205 Exsurgitque
659 2150 800 2193 facem
820 2150 1050 2198 adtollens,
1074 2154 1201 2203 atque
1221 2150 1393 2192 intonat
1409 2161 1499 2192 ore.

355 2223 455 2269 Hic,
477 2223 634 2275 quihus
652 2222 783 2264 invisi
803 2221 971 2268 fratres,
991 2221 1096 2262 dum
1114 2222 1206 2263 vita
1224 2221 1445 2273 manebat,

355 2292 613 2334 Pulsatusve
631 2303 806 2345 parens,
829 2294 905 2333 aut
924 2291 1039 2334 fraus
1058 2291 1220 2333 innexa
1238 2291 1413 2339 clienti3

357 2364 445 2403 Aut
461 2362 531 2416 qui
550 2361 712 2404 divitiis
727 2363 808 2404 soli
826 2362 1068 2403 incubuere
1088 2361 1287 2415 repertis,

355 2434 444 2473 Nec
465 2434 834 2485 1.·›arteniposue1·e
852 2432 959 2479 suis;
981 2441 1076 2484 quce
1095 2429 1279 2471 maxima
1300 2429 1423 2471 turba
1442 2434 1530 2471 est:
