1917 2942
340 352 420 392 222
873 353 957 392 AEN
967 353 1061 392 EID
1068 355 1131 392 OS
1579 355 1653 393 193

339 443 466 483 Nune
485 440 674 482 hiemem
696 440 812 481 inter
834 451 880 482 se
901 440 1021 489 luxu,
1039 451 1171 493 quam
1190 440 1335 492 longa,
1353 439 1520 486 fovere.

340 513 601 562 Regnorum
615 510 912 558 immeniore5‚
928 511 1137 565 turpique
1153 510 1362 564 cupidine
1380 514 1549 565 captos.

341 584 380 621 H
386 592 447 622 aec
469 581 635 634 passim
655 580 736 622 dea
755 578 871 621 soeda
890 579 1035 621 virum
1055 578 1269 620 diffundit
1286 580 1329 619 iu
1348 591 1442 621 ora.

338 650 550 690 Protinus
570 649 625 690 ad
641 659 792 701 regem
812 660 966 690 cursus
985 649 1221 700 detorquet
1243 648 1415 696 Iarban,

339 718 631 771 Incenditque
650 720 845 760 animum
862 717 1006 764 dietis,
1029 723 1159 769 arque
1179 721 1358 770 aggerat
1376 718 1480 759 iras.

392 790 475 830 Hic
493 792 743 831 Hammone
762 790 896 834 satus,
915 793 1042 841 rapta
1059 788 1372 830 Garamantide
1387 788 1597 843 nympha.

336 858 513 912 Templa
532 858 633 900 Jovi
653 860 834 900 centum
851 858 949 898 latis
966 858 1175 898 immania
1192 857 1353 910 regnis,

337 930 530 970 Centum
550 939 646 969 aras
668 928 843 980 posuit;
863 927 1132 980 vigilemque
1147 931 1396 968 sacraverat
1410 927 1571 978 ignem,

338 997 726 1039 Excubiasdivum
747 1000 958 1044 aeternas3
982 997 1294 1050 pecudumque
1314 1005 1473 1038 eruore

337 1068 509 1118 Pingue
530 1067 687 1113 sulum,
712 1070 756 1107 et
774 1067 906 1107 variis
927 1064 1132 1107 florentia
1152 1065 1304 1105 limina
1326 1065 1469 1106 sertis.

338 1139 465 1190 [sque
483 1147 635 1177 amens
654 1135 805 1181 animi,
829 1137 872 1178 et
892 1145 1076 1176 rumore
1098 1134 1316 1176 adcensus
1342 1145 1507 1180 amaro,

337 1207 512 1247 Dicitur
533 1208 633 1248 ante
656 1216 766 1252 aras,
791 1205 938 1246 melia
955 1206 1072 1245 inter
1086 1204 1272 1245 numina
1288 1203 1466 1251 divum,

336 1278 473 1318 Multa
488 1278 647 1318 Jovem
668 1276 872 1317 manibus
890 1275 1074 1328 supplex
1093 1286 1242 1317 orasse
1261 1275 1430 1327 supinis
1448 1291 1458 1314 ι

394 1362 411 1385 «x
434 1346 642 1400 Juppiter
661 1346 962 1398 omnipotens,
982 1345 1052 1385 cui
1074 1355 1196 1386 nunc
1216 1344 1435 1385 Maurusia
1455 1343 1586 1398 pictis

338 1417 459 1457 Gens
475 1417 648 1470 epulata
671 1415 779 1456 toris
799 1417 1010 1455 Lenaeum
1029 1413 1134 1454 libat
1156 1412 1388 1458 honorem,

337 1485 540 1540 Adspicis
557 1485 677 1525 haec?
699 1487 767 1524 Au
787 1489 845 1534 te,
864 1483 1057 1535 genitor,
1078 1494 1214 1536 quum
1232 1480 1417 1523 fulmina
1433 1484 1624 1533 torques,

339 1556 649 1609 Nequidquam
672 1554 937 1596 horremus?
956 1553 1152 1605 caecique
1175 1554 1220 1593 in
1246 1552 1435 1593 nubibus
1452 1552 1576 1604 ignes

335 1624 598 1666 Terrilicant
617 1625 807 1668 animos,
826 1629 867 1665 et
883 1623 1032 1664 inania
1053 1633 1286 1663 murmura
1303 1622 1523 1662 miscent?

335 1697 533 1742 Femina,
552 1706 650 1748 quae
665 1694 827 1736 nostris
847 1705 1002 1736 errans
1020 1695 1067 1734 in
1084 1692 1246 1733 finibus
1265 1693 1423 1734 urbem

335 1768 543 1818 Exiguam
563 1766 711 1819 pretio
729 1764 890 1817 posuIt,
912 1764 984 1805 cui
1003 1763 1102 1804 litus
1121 1761 1338 1803 arandum
1364 1793 1374 1809 ‚

336 1836 506 1887 Cuique
524 1834 609 1877 loci
627 1836 745 1886 leges
766 1833 987 1879 dedimus,
1010 1831 1234 1873 connubia
1249 1832 1403 1871 nostra

335 1906 531 1960 Repulit,
552 1916 603 1946 ac
619 1906 853 1946 dominum
871 1906 1037 1944 AEnean
1059 1902 1106 1942 in
1122 1912 1259 1952 regna
1279 1900 1466 1954 recepit!

333 1979 389 2018 Et
409 1986 533 2017 nune
549 1972 622 2016 ille
646 1975 787 2025 Paris,
805 1985 908 2015 cum
929 1972 1137 2014 semiviro
1160 1971 1388 2016 comitatu,

335 2046 523 2087 Maeonla
543 2049 743 2087 mentum
765 2043 893 2084 mitra
913 2042 1172 2093 crinemque
1191 2040 1447 2081 madentem

335 2100 571 2161 subnixus,
592 2117 721 2168 rapto
740 2112 913 2166 potitur
935 2128 946 2151 ι
965 2122 1047 2152 uos
1066 2120 1250 2151 munera
1271 2108 1444 2161 templis

335 2185 508 2240 Quippe
530 2186 615 2225 tuis
640 2182 834 2228 ferimus,
856 2169 1109 2233 famamque
1131 2178 1549 2221 fovemusiuanem!
1571 2193 1587 2215 n

388 2254 566 2296 Talibus
586 2258 790 2295 orantem
810 2251 956 2302 dictis,
979 2261 1161 2304 arasque
1182 2250 1424 2294 tenentem,

336 2324 490 2367 Audiit
515 2323 814 2377 omnipotens,
837 2322 1080 2373 oculosque
1100 2319 1155 2361 ad
1177 2318 1341 2359 moenia
1361 2318 1487 2358 torsit

335 2395 485 2448 Regia,
510 2398 554 2435 et
570 2394 732 2435 oblitos
749 2392 874 2433 famae
892 2390 1089 2433 melioris
1109 2390 1322 2430 amantes.

334 2469 445 2508 Tum
468 2465 531 2508 sic
549 2463 822 2510 Mercurium
839 2461 1110 2514 adloquitur,
1133 2469 1183 2503 ac
1202 2458 1303 2502 talla
1326 2455 1529 2500 mandat:
