1917 2942
214 338 287 376 610
747 338 910 377 LIBER
940 341 1014 379 xi.
1439 343 1460 380 4

212 423 508 464 Exhortantur
522 433 656 476 equos
671 440 681 471 ;
704 422 896 465 tundunt
913 424 1045 466 simul
1062 424 1257 477 undique
1277 426 1359 467 tela

212 494 368 535 Crebra
388 493 500 535 nivis
516 493 601 534 ritu
620 524 629 539 ,
654 495 902 547 coelumque
923 496 1151 537 obtexit-ur
1171 495 1341 537 umbra.

210 562 425 602 Continuo
443 562 636 603 adversis
652 561 902 614 Tyrrhenus
918 567 964 605 et
981 574 1083 605 acer
1105 566 1328 605 Aconteus

211 631 391 672 connixi
408 634 641 674 incurrunt
656 630 812 678 hastis,
835 632 1059 687 primique
1080 635 1251 674 ruinam

210 702 319 740 Dant
337 700 481 741 sonitu
497 699 671 751 ingenti
688 732 696 746 ‚
720 700 1027 754 perfractaque
1041 700 1459 756 quadrupedantum

210 772 389 809 Pectora
411 769 661 821 pectoribus
677 773 907 821 rumpunt.
925 772 1136 812 Excussus
1155 776 1375 813 Aconteus
1393 803 1404 822 ‚

207 837 415 879 Fulminis
437 838 482 878 in
504 849 701 887 morem,
725 841 800 880 aut
820 842 1040 881 tormento
1060 839 1268 893 ponderis
1289 842 1402 892 acti,

208 908 456 962 Praecipitat
472 909 604 960 longe
622 941 630 956 ‚
656 912 699 950 et
718 910 856 949 vitam
872 908 1088 962 dispergit
1101 910 1146 951 in
1163 921 1309 952 auras.

205 976 434 1030 Extemplo
457 978 639 1019 turbatae
660 978 799 1023 acies,
817 979 1019 1030 versique
1039 978 1181 1019 Latini

206 1047 423 1097 Rejiciuut
441 1059 636 1101 parmas.
660 1050 703 1089 et
717 1057 851 1099 equos
871 1046 925 1087 ad
945 1047 1110 1088 mcenia
1128 1049 1324 1090 vertunt.

205 1118 332 1159 Troos
349 1120 486 1169 agunt
504 1133 514 1157 2
535 1117 740 1172 princeps
755 1120 921 1159 turmas
939 1116 1114 1159 inducit
1130 1118 1300 1170 Asylas.

203 1189 385 1239 Jamque
407 1187 763 1240 propinquabant
782 1188 922 1240 portis
938 1218 947 1233 ‚
970 1199 1210 1240 rursusque
1232 1188 1376 1228 Latini

192 1256 445 1298 'Clamorem
465 1256 647 1303 tollunt,
675 1258 720 1298 et
740 1256 890 1298 mollia
909 1257 1023 1298 colla
1042 1255 1307 1299 reflectunt:

205 1324 254 1364 Hi
275 1323 450 1377 fugiunt
468 1358 477 1373 ,
500 1327 761 1379 penitusque
778 1326 890 1367 datis
911 1324 1165 1368 referuntur
1176 1324 1375 1368 habenis.

248 1396 394 1443 Qualis
416 1395 492 1436 nbi
512 1394 685 1437 alterno
706 1406 970 1448 procurrens
990 1395 1161 1448 gurgite
1181 1397 1346 1448 pontus

204 1465 326 1505 Nunc
348 1467 435 1506 ruit
450 1466 502 1506 ad
526 1468 676 1514 terras,
698 1467 991 1519 scopulosque
1005 1466 1245 1517 superjacit
1259 1464 1423 1507 undam

201 1535 423 1586 Spumeus,
444 1535 771 1587 extremamque
790 1535 888 1575 sinu
906 1533 1138 1586 perfundit
1158 1544 1339 1575 arenam
1359 1551 1369 1574 z

203 1604 321 1643 [Nunc
339 1602 518 1656 rapidus
539 1606 682 1650 retro,
701 1605 831 1655 atque
852 1607 958 1644 aestu
976 1604 1176 1645 revoluta
1195 1604 1424 1647 resorbens

202 1674 300 1711 saxa
321 1671 452 1721 furit,
476 1672 665 1725 litusque
687 1671 798 1713 vado
820 1672 994 1714 labente
1015 1673 1241 1726 relinquit.

200 1740 264 1779 Bis
280 1741 403 1781 Tusci
424 1741 610 1783 Rutulos
627 1752 757 1793 egere
777 1741 830 1783 ad
849 1743 1012 1783 moenia
1028 1754 1179 1785 versos
1202 1760 1211 1782 :

199 1809 262 1848 Bis
282 1811 433 1861 rejecti
451 1811 582 1852 armis
601 1815 849 1865 respectant
867 1815 988 1861 terga
1013 1814 1225 1864 tegentes.

198 1879 339 1921 Tertia
356 1879 434 1921 sed
454 1882 686 1934 postquam
701 1880 924 1933 congrvssi
946 1882 993 1921 in
1013 1881 1161 1934 praelia
1174 1911 1184 1928 ,
1210 1883 1324 1922 totas

198 1947 454 1998 Implicuere
473 1949 589 1991 inter
607 1962 652 1991 se
670 1952 798 1997 acieS,
819 1951 1012 2003 legitque
1033 1949 1179 1991 virum
1196 1950 1288 1995 vir;

197 2018 301 2057 Tum
320 2029 430 2061 vero
450 2026 492 2060 et
512 2021 702 2073 gemitus
721 2021 1014 2069 morientum,
1039 2023 1082 2062 et
1103 2021 1322 2073 sanguine
1342 2019 1388 2061 in
1409 2018 1499 2061 alto

198 2087 432 2137 Armaque,
456 2100 753 2141 corporaque,
787 2095 831 2131 et
851 2089 1059 2144 permixti
1079 2089 1199 2132 caede
1222 2090 1420 2132 virorum

196 2155 473 2199 Semianimes
489 2160 734 2201 volvuntur
752 2160 852 2212 equi
868 2176 876 2203 ;
897 2171 1048 2213 pugna
1069 2170 1223 2214 aspera
1237 2160 1393 2209 surgit.

193 2224 436 2269 Orsilochus
458 2228 648 2278 Remuli,
669 2227 846 2281 quando
865 2229 1011 2283 ipsum
1030 2228 1240 2272 horrebat
1258 2227 1397 2276 adire,

196 2294 367 2335 Hastam
387 2294 563 2337 intorsit
576 2308 713 2350 equo,
737 2297 994 2351 ferrumque
1009 2299 1089 2339 sub
1109 2309 1214 2340 aure
1230 2297 1409 2351 reliquit
1435 2313 1444 2336 :

195 2365 282 2412 Quo
302 2364 478 2420 sonipes
493 2367 585 2409 ictu
603 2367 710 2408 furit
729 2367 910 2419 arduus,
935 2369 1110 2421 altaque
1120 2372 1284 2420 jactat,

196 2435 390 2479 Vulneris
410 2437 668 2492 impatiens,
686 2438 868 2482 adrecto
888 2441 1070 2494 pectore
1083 2471 1093 2490 ‚
1117 2451 1273 2486 crura;

1465 344 1488 381 (Α

1493 345 1515 382 Oc
