1917 2942
389 350 440 388 54
878 344 1173 385 BUCOLICA.

386 500 1687 557 QQQQQQQQQQQQQQQQQQQQQQQQQ

862 656 1126 705 ECLOGA
1157 658 1217 704 V.

913 806 1170 845 DAPHNIS.

433 948 478 981 ln
497 944 699 988 Daphnide
714 943 887 988 plerique
904 944 1053 979 Julium
1072 946 1271 986 Caesarem,
1301 945 1458 987 ejusque
1488 950 1623 977 necem
1652 946 1690 977 et

389 1005 638 1051 apotheosim
670 1004 860 1045 nonnulli,
881 1003 1048 1039 Maronis
1078 1004 1238 1039 fratrem
1259 1004 1449 1044 Flaccum,
1467 1007 1554 1038 mox
1570 1002 1690 1037 etium

390 1066 643 1111 Quinctilium
661 1068 973 1105 Cremonensem,
993 1063 1089 1098 item
1106 1063 1345 1105 Saloninum,
1360 1062 1540 1098 Pollionis
1553 1062 1691 1103 illium,

389 1128 663 1172 quaesiverunt.
694 1128 847 1160 Frustra
861 1152 869 1167 ,
898 1124 1023 1166 credo,
1042 1132 1177 1158 omnes
1196 1134 1203 1157 :
1239 1123 1342 1159 nihil
1360 1122 1468 1157 enim
1486 1121 1591 1157 aliud
1607 1130 1696 1165 spe-

392 1190 511 1224 ctasse
529 1189 636 1231 poeta
654 1185 718 1222 liic
731 1184 855 1220 videri
872 1185 1014 1229 potest,
1033 1191 1150 1228 quam
1168 1186 1208 1218 ut
1225 1182 1474 1219 Theocritum
1492 1183 1694 1217 aemulare-

388 1248 465 1288 tur,
482 1245 550 1290 qui
566 1245 726 1290 passim,
755 1244 1015 1288 inprimisque
1051 1242 1162 1287 Idyll.
1182 1245 1197 1277 1
1214 1244 1251 1278 et
1268 1244 1348 1284 VII,
1379 1241 1591 1286 Daphnidis
1609 1243 1692 1277 lau-

387 1308 466 1348 des,
498 1307 670 1342 solemne
687 1305 787 1348 apud
804 1308 972 1349 pastores
988 1303 1278 1347 argumentum,
1310 1303 1368 1338 vel
1386 1301 1529 1344 innuit,
1562 1302 1618 1336 vel
1649 1311 1693 1338 ex

389 1368 558 1412 professo
577 1365 832 1410 persequitur.

797 1494 1043 1528 MENALCAS
1058 1518 1066 1534 ,
1099 1494 1285 1527 MOPSUS.

916 1611 1157 1646 MENALGAS.

392 1679 480 1716 Cur
498 1685 590 1715 non
605 1705 615 1721 ,
635 1676 788 1725 Mopse
807 1705 815 1722 ‚
836 1673 940 1715 boni
959 1674 1167 1727 quoniam
1187 1673 1473 1715 convenimus
1486 1673 1616 1715 ambo
1630 1706 1640 1723 ,

391 1748 453 1786 Tu
473 1746 663 1786 calamos
681 1741 835 1784 inflare
853 1743 971 1784 leves
989 1774 997 1791 ‚
1022 1753 1103 1795 ego
1123 1742 1268 1784 dicere
1290 1753 1457 1790 versus,

394 1816 477 1856 Hic
497 1814 658 1866 corylis
675 1813 829 1854 mixtas
845 1812 961 1855 inter
977 1812 1244 1855 considimus
1260 1814 1434 1855 ulmos?

952 1892 1136 1926 mopsus.

391 1960 454 1998 Tu
467 1957 622 2008 major,
659 1953 735 1995 tibi
756 1966 826 1996 me
841 1956 906 1997 est
925 1965 1100 2007 {equum
1115 1966 1291 2008 parere,
1313 1955 1508 1997 Menalca
1528 1971 1539 1994 2

393 2028 492 2069 Sive
507 2027 587 2068 sub
603 2027 793 2067 incertas
813 2024 1023 2079 Zephyris
1035 2025 1302 2067 mutantibus
1320 2026 1496 2067 uml.›ras
1514 2056 1524 2072 ,

390 2095 489 2138 Sive
503 2096 629 2136 antro
649 2093 811 2145 polius,
827 2093 1117 2136 succedimus.
1130 2094 1332 2148 Adspice,
1350 2097 1399 2135 ut
1416 2098 1594 2136 antrum

392 2163 607 2205 silvestris
624 2162 733 2204 raris
752 2162 908 2217 sparsit
920 2162 1119 2204 labrusca
1132 2163 1330 2206 racemis.

917 2243 1156 2276 MENALGAS.

392 2301 615 2343 Montibus
632 2300 680 2342 in
695 2300 855 2343 nostris
872 2302 990 2343 solus
1007 2302 1085 2343 tibi
1102 2305 1242 2345 certet
1257 2303 1487 2354 Amyntas.

942 2380 1127 2415 MOPSUS.

394 2440 509 2492 Quid
552 2442 587 2483 si
607 2441 722 2485 idern
752 2443 890 2486 certet
907 2441 1123 2484 Phcebum
1143 2452 1349 2495 superare
1369 2438 1605 2484 canendo?
