1917 2942
221 332 291 372 507
730 328 897 367 LIBER
929 328 996 364 lX.
1446 325 1525 361 :3153

220 415 423 463 Exuvias3
445 415 614 466 galeam
632 412 743 455 lidus
763 414 984 465 permutat
1003 411 1163 452 Alvtes.

222 489 436 527 Prolenus
456 485 609 526 armati
631 482 845 525 incedunt
866 498 875 521 :
897 491 1006 534 quos
1025 480 1169 521 omnis
1186 479 1341 520 euntes

223 556 467 595 Primorum
487 565 644 595 manus
665 552 720 594 ad
736 555 885 605 portas
897 551 1198 600 juvenumque
1217 559 1461 601 senumque

221 623 505 676 Prosequitur
524 622 653 663 votis.
672 624 863 664 Necnon
881 624 925 661 et
939 618 1119 671 pulcher
1133 618 1270 664 Iulus,

220 696 331 734 Ante
346 702 485 733 annos
501 693 785 744 animumque
803 700 959 742 gerens
975 699 1213 740 curamque
1227 687 1398 729 virilem
1415 715 1427 733 ‚,

222 761 353 803 Multa
373 762 485 814 patri
499 760 719 815 portanda
739 759 870 802 dabat
884 759 1092 800 mandata
1112 774 1122 798 ι
1142 757 1219 800 sed
1239 769 1354 818 aura:

220 830 374 870 Omnia
389 828 670 882 discerpunt,
691 830 735 870 et
753 828 942 869 nubibus
956 828 1080 869 irrita
1096 827 1279 869 donant.

267 898 438 950 Egressi
460 901 669 950 superant
685 897 840 944 fossas,
862 898 1088 950 noctisque
1105 908 1184 951 per
1200 896 1401 938 umbram

220 971 369 1010 Castra
385 968 563 1009 inimica
583 971 764 1022 petunt,
787 968 937 1009 multis
953 970 1099 1009 tamen
1120 970 1221 1008 ante
1241 966 1380 1008 futuri

220 1038 372 1080 Exitio.
393 1039 557 1080 Passim
576 1049 734 1080 somno
758 1039 950 1091 vinoque
969 1049 1047 1088 per
1066 1036 1247 1079 herbam

219 1111 409 1160 Corpora
425 1107 518 1150 fusa
536 1109 712 1155 vident,
736 1106 935 1149 adrectos
953 1106 1086 1149 litore
1102 1117 1256 1148 currus
1273 1137 1283 1153 ‚

222 1180 339 1219 Inter
356 1178 452 1219 lora
467 1181 671 1231 rotasque
689 1177 805 1218 viros
825 1209 833 1221 ,
860 1176 990 1217 simul
1005 1186 1127 1218 arma
1140 1207 1150 1227 ‚
1166 1178 1314 1228 J'acere
1327 1207 1337 1221 .

220 1247 329 1289 Vina
343 1247 490 1288 simul.
512 1248 640 1289 Prior
655 1245 916 1299 Hyrtacides
936 1246 998 1288 sic
1017 1256 1094 1287 ore
1115 1245 1285 1287 locutus
1304 1261 1314 1284 :

273 1332 288 1353 n
307 1316 494 1368 Euryale
509 1346 519 1363 ‚
543 1315 796 1357 audendum
813 1314 962 1356 dextra
983 1327 993 1351 ι
1017 1325 1138 1356 nunc
1156 1315 1250 1367 ipsa
1264 1317 1395 1356 vocat
1415 1325 1502 1356 res.

221 1387 311 1426 Hac
330 1386 414 1427 iter
428 1385 493 1426 est
511 1397 520 1420 τ
540 1388 587 1425 tu
601 1413 611 1432 ‚
628 1395 685 1426 ne
703 1395 788 1437 qua
804 1395 958 1425 manus
974 1395 1019 1426 se
1040 1383 1251 1426 adtollere
1269 1383 1396 1424 nobis

221 1459 256 1495 A
272 1460 397 1508 tergo
418 1454 576 1508 possit,
601 1454 795 1502 custodi,
824 1457 868 1496 et
887 1455 1066 1496 consule
1090 1454 1235 1505 longe.

222 1527 324 1565 Haec
342 1535 424 1576 ego
441 1526 563 1565 vasta
579 1525 716 1570 dabo,
740 1525 889 1565 etlato
912 1525 952 1566 te
971 1523 1111 1565 limite
1134 1523 1306 1565 ducam.
1329 1539 1346 1561 n

270 1593 338 1635 Sic
356 1596 594 1641 memorat,
618 1604 864 1646 vocemque
884 1595 1066 1647 premit3
1098 1594 1230 1635 simul
1247 1605 1351 1636 ense
1371 1605 1528 1648 super-

223 1662 510 1705 Rhamnetem
527 1661 799 1715 adgreditur.
818 1663 892 1717 qui
907 1661 1019 1704 forte
1036 1663 1253 1715 tapetibus
1269 1663 1366 1704 altis
1408 1661 1531 1719 [bum

222 1735 470 1775 Exstructus
493 1734 585 1774 toto
599 1733 816 1787 proflabat
835 1737 1013 1788 pectore
1034 1745 1262 1781 somnum3

220 1805 308 1846 Rex
322 1803 439 1845 idern
457 1833 466 1851 ‚
483 1804 527 1846 et
542 1805 634 1857 regi
650 1809 798 1847 Turno
818 1804 1083 1857 gratissimus
1098 1815 1238 1856 augur
1255 1820 1265 1844 z

223 1871 305 1913 Sed
324 1883 413 1914 non
430 1874 616 1924 augurio
633 1875 779 1926 potuit
793 1873 1011 1927 depellere
1028 1876 1210 1927 pestem.

221 1946 322 1984 Tres
331 1944 453 1995 juxta
467 1943 653 1986 famulos
675 1948 837 1987 temere
858 1945 975 1986 iuter
998 1944 1082 1986 tela
1097 1945 1315 1995 jacentes.

223 2013 589 2066 Armigerumque
614 2017 803 2056 Remum
822 2014 997 2068 premit,
1022 2015 1307 2066 aurigamque
1327 2013 1404 2054 sub
1425 2013 1530 2067 ipsis

223 2083 382 2125 Nactus
399 2083 519 2136 equis
535 2099 546 2132 ς
566 2084 767 2137 ferroque
782 2087 902 2127 secat
922 2083 1159 2136 pendentia
1175 2083 1287 2125 colla
1307 2099 1317 2130 ;

222 2152 329 2191 Tum
346 2153 481 2206 caput
499 2151 583 2206 ipsi
605 2151 748 2194 aufert
766 2151 969 2197 domino,
1006 2156 1301 2204 truncumque
1321 2152 1533 2205 relinquit

224 2222 443 2273 Sanguine
457 2223 771 2275 singultantem
789 2238 799 2271 ;
822 2226 917 2264 atro
937 2221 1152 2276 tepefacta
1166 2233 1323 2265 cruore

176 2343 179 2348 1
224 2293 357 2333 Terra
372 2292 547 2345 torique
562 2293 756 2335 madent.
775 2294 811 2333 N
818 2304 869 2336 ec
884 2304 978 2335 non
995 2296 1318 2347 Lamyrumque
1333 2295 1536 2335 Lamum-

223 2365 277 2403 Et
290 2365 499 2415 juvenem
517 2367 777 2413 Sarranum,
796 2365 869 2407 illa
891 2367 966 2419 qui
985 2366 1175 2421 plurima
1188 2371 1319 2409 nocte
1400 2368 1501 2420 [que
1517 2398 1527 2413 ,

223 2434 421 2480 Luserat.
439 2434 619 2486 insignis
641 2434 772 2483 facie,
796 2435 1023 2488 multoque
1042 2435 1214 2487 jacebat
