1917 2942
286 309 364 348 «124
763 313 1089 353 GEORGICON
1515 318 1593 356 285

284 396 535 438 lnsincerus
553 406 653 450 apes
672 398 820 440 tulerit
838 409 983 441 cruor.
1004 400 1144 441 Altius
1161 412 1338 442 omnem

285 464 524 518 Expediam
540 467 683 519 prima
697 470 901 522 repetens
918 468 971 510 ah
989 469 1159 521 origine
1181 468 1354 512 famam.

284 536 399 576 Nam
418 546 503 588 qua
517 536 666 578 Pellaei
685 547 791 588 gens
809 535 1037 581 fortunata
1061 540 1227 595 Canopi

287 603 465 644 Allcolit
484 601 624 645 effuso
640 607 921 656 stagnantem
940 604 1124 649 flumine
1140 608 1293 649 Nilum
1306 640 1315 653 .

285 674 338 711 Et
352 672 520 714 circum
539 673 668 725 pictis
686 673 860 715 vehitur
886 687 966 717 sua
984 688 1092 718 rura
1111 676 1272 725 faselis;

283 743 466 793 Quaque
482 743 744 795 pharetratae
763 744 928 786 vicinia
948 746 1138 789 Persidis
1156 749 1282 799 urget
1302 778 1310 793 ,

286 812 342 849 Et
359 810 549 852 viridem
567 814 809 867 AEgyptum
827 815 954 865 nigra
973 814 1181 858 fecundat
1203 827 1335 859 arena
1353 850 1362 867 ‚

279 881 333 919 Et
352 879 521 922 diversa
535 892 669 922 ruens
684 884 854 933 septem
874 883 1083 925 discurrit
1099 885 1145 925 in
1170 896 1247 927 ora

283 951 427 1002 Usque
449 950 658 992 coloralis
681 952 820 993 amnis
841 952 1033 995 devexus
1047 954 1099 995 ab
1120 955 1262 1003 Indis;

277 1020 430 1062 Omnis
450 1022 496 1061 in
510 1019 593 1062 hac
614 1024 779 1063 certam
794 1023 916 1075 regio
930 1025 1040 1074 jacit
1056 1028 1148 1066 arte
1164 1026 1366 1067 salutem.

327 1089 517 1143 Exiguus
536 1090 732 1144 primum
751 1123 763 1143 ,
798 1095 931 1145 atque
951 1093 1071 1147 ipsos
1088 1097 1344 1136 contractus
1364 1095 1418 1136 ad
1438 1108 1540 1137 usus

277 1160 462 1212 Eligitur
482 1160 628 1203 locus:
651 1160 773 1204 hunc
785 1164 1243 1216 angustiqueimbrice
1265 1166 1367 1208 tecti

279 1230 612 1290 Parietibusque
627 1234 981 1284 p1·e111unta1²ti3‚
1002 1237 1044 1275 et
1068 1237 1259 1286 quatuor
1286 1234 1456 1275 addunt
1475 1265 1485 1281 ,

276 1302 476 1349 Quatuor
493 1312 516 1343 a
545 1301 712 1348 ventis,
737 1302 914 1355 obliqua
933 1302 1033 1345 luce
1050 1300 1278 1354 fenestras.

276 1372 388 1410 Tum
409 1369 570 1411 vitulus
587 1401 598 1421 ,
617 1370 737 1411 bima
753 1382 940 1413 curvans
948 1373 1043 1423 jam
1058 1383 1227 1414 cornua
1253 1372 1401 1415 fronte
1422 1405 1430 1419 ,

273 1440 500 1489 Quaeritur
518 1438 646 1481 :huic
666 1441 851 1493 geminae
868 1452 997 1483 nares
1013 1445 1055 1483 et
1071 1442 1249 1496 spiritus
1278 1443 1364 1483 oris

276 1508 416 1548 Multa
432 1508 668 1550 reluctanti
688 1507 907 1559 obsuitur‚
927 1510 1155 1563 plag1sque
1176 1513 1377 1563 peremto

270 1579 417 1619 Tunsa
436 1588 517 1629 per
537 1577 755 1630 integram
773 1579 1008 1620 solvuntur
1023 1580 1190 1622 viscera
1214 1580 1392 1633 pellem.

272 1647 344 1687 Sic
364 1647 557 1698 positum
575 1648 622 1688 in
642 1647 790 1690 clauso
809 1650 1040 1700 linquunt,
1064 1652 1107 1691 et
1121 1660 1268 1692 ramea
1287 1649 1416 1691 costis

268 1716 515 1768 subjiciunt
532 1715 789 1769 fragmenta,
810 1718 1036 1771 thymum,
1062 1719 1287 1771 casiasque
1316 1722 1528 1761 recentes.

266 1790 365 1832 I—Ioc
380 1787 566 1838 geritur,
584 1787 796 1840 Zephyris
810 1788 1004 1840 primum
1028 1788 1350 1842 impellentibus
1367 1786 1508 1829 undas
1535 1822 1546 1834 ,,

276 1858 392 1898 Ante
411 1859 540 1898 novis
560 1857 748 1899 rubeant
767 1868 899 1910 quam
918 1859 1045 1912 prata
1061 1856 1306 1904 coloribus,
1329 1861 1429 1899 ante

275 1927 464 1967 Garrula
482 1937 616 1981 quam
645 1927 778 1979 tignis
796 1927 953 1968 nidum
974 1926 1214 1981 suspendat
1230 1926 1442 1968 hirundo.

267 1998 443 2038 Interea
463 1996 623 2039 teneris
640 1994 881 2049 tepefactus
896 1997 944 2037 in
962 1995 1128 2039 ossibus
1142 1996 1304 2037 humor

271 2068 461 2114 AEstuat3
478 2069 523 2107 et
541 2065 721 2108 visenda
735 2066 879 2107 modis
899 2067 1103 2107 animalia
1118 2065 1240 2108 mir-Is
1253 2096 1262 2112 .

269 2137 445 2175 Trunca
460 2133 627 2186 pedum
646 2134 816 2188 primo,
837 2145 939 2175 mox
955 2137 1000 2176 et
1013 2135 1250 2176 stridentia
1264 2135 1420 2187 pennis
1440 2165 1446 2178 .

268 2203 523 2249 Miscentur,
543 2203 808 2256 tenuemque
821 2205 959 2257 magis
976 2205 1111 2256 magis
1132 2215 1231 2247 aera
1250 2207 1459 2257 carpunt;

270 2276 423 2315 Donec
443 2275 489 2314 ut
509 2271 672 2314 aestivis
687 2271 850 2315 effusus
865 2273 1056 2322 nubibus
1075 2273 1231 2318 imber.

268 2346 462 2397 Erupere
481 2358 491 2390 ς
515 2346 589 2385 aul
607 2347 678 2390 ut,
701 2354 839 2386 nervo
859 2345 1084 2397 pulsante.
1104 2345 1300 2398 sagittae,

269 2414 418 2457 Prima
435 2414 551 2457 leves
568 2413 724 2469 ineunt
742 2415 771 2455 si
795 2415 971 2466 quando
987 2413 1141 2467 praelia
1161 2413 1324 2476 Parthi.
