1917 2942
238 361 311 400 224
724 359 889 397 LIBER
929 358 1040 396 vlu.

238 448 584 502 speluncamque
602 446 737 500 petit3
759 444 946 500 pedibus
963 444 1097 484 timor
1115 441 1285 484 addidit
1303 441 1404 484 alas.

238 519 292 557 Ut
312 527 404 559 sese
422 514 627 562 inclusit,
648 514 881 568 ruptisque
900 514 1092 554 immane
1107 511 1272 554 catenis

240 586 411 637 Dejecit
438 595 590 626 saxum
607 614 617 628 ‚
647 581 766 626 ferro
782 582 900 636 quod
922 584 966 624 et
985 585 1079 623 arte
1096 584 1282 634 paterna

239 651 484 698 pendebat,
505 650 729 704 fultosque
745 650 934 691 emuniit
952 649 1094 700 objice
1111 651 1281 702 postes:

239 725 350 764 Ecce
368 720 516 763 furens
538 721 694 762 animis
715 719 868 761 aderat
884 718 1162 771 Tirynthius,
1186 729 1453 772 omnemque

242 790 476 832 Adcessum
501 790 718 836 lustrans,
739 787 828 830 huc
849 798 925 828 ora
946 786 1113 829 ferebat
1131 789 1174 829 et
1190 786 1319 834 illuc,

241 860 455 902 Dentibus
471 857 747 900 infrendens.
768 861 853 899 Ter
873 860 1016 901 totum
1038 855 1229 897 fervidus
1245 855 1311 898 ira

242 929 418 969 Lustrat
434 926 649 968 Aventini
663 929 864 966 montem
886 941 895 965 z
918 927 982 966 ter
1001 935 1125 966 saxea
1149 926 1289 965 tentat

242 997 413 1038 Limina
427 996 731 1050 nequidquam
753 1008 762 1032 ε
783 999 850 1037 ter
864 994 999 1038 fessus
1020 994 1134 1036 valle
1152 993 1328 1036 resedit.

243 1068 390 1109 Stabat
409 1069 537 1109 acuta
555 1066 680 1113 silex,
700 1066 893 1120 praecisis
914 1064 1109 1117 undique
1123 1065 1259 1112 saxis,

245 1136 475 1191 Spelunca}
496 1136 626 1177 dorso
644 1137 894 1188 insurgens,
916 1136 1125 1177 altissima
1140 1136 1236 1178 visu
1254 1151 1265 1184 ς

248 1207 450 1249 Dirarum
471 1205 583 1248 nidis
598 1206 757 1248 domus
773 1209 1024 1260 opportuna
1038 1207 1287 1249 volucrum.

248 1278 286 1315 H
292 1286 375 1317 anc
391 1306 400 1324 ,
420 1277 472 1316 ut
490 1286 633 1326 prona
649 1276 757 1327 jugo
772 1276 933 1315 laevum
951 1275 1237 1317 incumbebat
1253 1275 1310 1316 ad
1325 1285 1523 1322 amnem,

247 1345 407 1386 Dexter
425 1343 471 1384 iu
492 1342 732 1384 adversum
749 1343 896 1385 nitens
916 1344 1158 1391 concussit,
1186 1345 1229 1386 et
1247 1344 1347 1385 imis

248 1414 455 1456 Avulsam
474 1414 608 1454 solvit
629 1412 869 1459 radicibus;
892 1412 995 1454 inde
1011 1416 1194 1467 repente

247 1483 430 1536 Impulit
448 1483 665 1536 :impulsu
686 1493 773 1536 quo
791 1483 1006 1524 maximus
1024 1485 1202 1524 insonat
1220 1483 1378 1530 aether3

250 1554 492 1595 Dissultant
512 1554 620 1608 ripae
636 1585 645 1601 ‚
664 1552 902 1605 refluitque
922 1552 1156 1594 exterritus
1179 1553 1340 1595 amnis.

304 1637 321 1659 ι
346 1624 405 1663 At
421 1632 576 1676 specus
593 1625 636 1663 et
651 1622 752 1663 Caci
772 1620 943 1663 detecta
963 1621 1168 1675 adparuit
1185 1622 1343 1674 ingens

250 1692 410 1744 Regia,
434 1694 477 1732 et
492 1692 710 1732 umbrosas
730 1691 899 1744 penitus
918 1694 1102 1744 patuere
1118 1702 1344 1734 cavernae:

252 1763 355 1802 Non
375 1771 502 1803 secus
530 1772 580 1803 ac
594 1760 631 1802 si
650 1771 735 1814 qua
754 1760 930 1814 penitus
949 1760 992 1801 vi
1016 1764 1136 1802 terra
1153 1760 1380 1803 dehiscens

252 1828 450 1873 Infernas
470 1833 636 1872 reseret
654 1829 800 1873 sedes.
823 1831 866 1870 et
879 1840 1017 1882 regua
1033 1829 1230 1871 recludat

256 1900 446 1946 Pallida,
467 1898 531 1941 dis
548 1899 715 1946 invisa;
740 1910 959 1952 superque
977 1900 1169 1940 immane
1185 1899 1446 1941 barathrum

256 1974 485 2016 cernatur,
507 1970 813 2022 trepidentquc
829 1970 1022 2011 immisso
1044 1970 1211 2013 lumine
1234 1974 1396 2013 Manes.

255 2042 371 2093 Ergo
391 2040 608 2092 insperata
629 2038 896 2092 deprensum
912 2039 959 2079 in
976 2039 1070 2081 luce
1089 2042 1296 2092 repente,

255 2111 572 2162 Inclusumque
591 2119 700 2150 cavo
717 2119 837 2156 saxo,
859 2111 990 2162 atque
1008 2109 1180 2151 insueta
1195 2109 1429 2153 rudentem
1446 2141 1456 2158 ,

258 2183 458 2234 Desuper
479 2178 652 2221 Alcides
674 2179 770 2220 telis
790 2179 951 2233 premit
971 2210 979 2224 .
1004 2179 1241 2233 omniaque
1258 2192 1382 2223 arma

258 2248 474 2296 Advocat.
497 2252 542 2292 et
558 2247 690 2290 ramis
708 2249 927 2301 vastisque
946 2249 1186 2291 molaribus
1202 2249 1350 2292 instat.

251 2319 336 2361 ille
353 2324 524 2366 autem,
546 2328 693 2371 neque
713 2318 832 2360 enim
853 2317 955 2372 tuga
966 2320 1058 2369 jam
1076 2330 1210 2373 super
1229 2320 1322 2362 ulla
1338 2320 1492 2375 pericli
1511 2353 1521 2371 ,

260 2389 347 2429 Fau
355 2388 477 2430 cibus
494 2389 723 2441 ingentem
742 2386 912 2430 fumum
930 2420 940 2437 ,
970 2388 1172 2432 mirabile
1188 2389 1310 2432 dictu
1326 2421 1338 2442 ,
1478 2381 1480 2384 ’

262 2458 455 2505 Evomit,
474 2459 750 2513 involvitque
766 2458 951 2501 domum
967 2460 1156 2513 caligine
1175 2471 1289 2503 caeca
1306 2491 1315 2506 .

1463 359 1486 419 *m

1489 359 1538 397 εἴ
