1917 2942
220 328 288 367 1087
734 329 895 367 LlBEn
927 329 999 367 lx.
1440 330 1509 371 37¹

217 412 429 461 Produxi,
453 413 644 467 pressive
657 414 805 456 oculos
821 444 831 460 ‚
853 417 927 455 aut
943 413 1129 455 vulnera
1146 413 1255 463 lavi,

218 484 343 526 veste
362 487 537 535 tegens3
560 482 639 524 tibi
659 495 791 536 quam
810 486 963 526 noctes
984 483 1140 525 festina
1155 482 1337 535 diesque

220 553 432 606 Urgebam
452 585 461 600 ,
482 556 527 595 et
541 550 627 594 tela
643 564 770 595 curas
788 553 962 595 solabar
977 553 1129 595 aniles.

218 625 310 673 Quo
325 624 513 676 sequar?
531 626 606 664 aut
623 634 720 677 quae
735 635 856 665 nunc
872 626 990 664 artus
1007 654 1015 669 .
1033 623 1267 675 avulsaque
1283 622 1478 665 membra
1495 653 1503 669 ,

216 694 269 732 Et
288 691 416 734 funus
438 694 630 735 lacerum
647 690 772 735 tellus
787 692 948 736 habet?
964 696 1061 735 Hoc
1080 692 1188 734 mihi
1207 693 1261 735 de
1277 695 1345 739 te,

218 763 326 803 Nate
342 793 351 807 .
378 760 546 804 refers?
567 761 651 805 hoc
666 774 762 804 sum
786 765 988 815 terraque
1005 762 1203 814 marique
1218 763 1394 805 secuta?

219 830 355 882 Figite
375 840 445 870 me
463 861 472 877 ,
494 831 530 872 si
549 841 637 883 qua
656 834 722 872 est
741 831 903 886 pietas;
926 832 971 871 in
991 842 1063 873 me
1082 831 1231 874 omnia
1250 831 1338 873 tela

219 900 430 950 conjicite
444 930 454 946 ‚
478 911 505 941 o
522 900 671 941 Rutuli
686 917 697 949 ;
718 912 789 943 me
804 903 995 955 primam
1012 902 1227 943 absumite
1246 898 1361 943 ferro
1379 918 1389 941 ι

222 972 306 1010 Aut
323 970 368 1009 tu
383 1000 394 1019 ‚
420 980 579 1022 magne
597 972 722 1023 pater
737 970 886 1013 div1⁴1m
902 1002 912 1021 ‚
933 972 1140 1013 miserere
1157 987 1166 1019 ;
1189 974 1353 1024 tuoque

220 1037 417 1078 Invisum
433 1036 520 1079 hoc
535 1037 720 1080 detrude
739 1043 871 1091 caput
889 1038 969 1079 sub
987 1041 1168 1081 Tartara
1187 1040 1299 1087 telo;

221 1105 405 1155 Quando
421 1107 548 1148 aliter
563 1118 736 1161 nequeo
753 1106 975 1150 crudelem
992 1109 1253 1160 abrumpere
1265 1109 1307 1150 vi
1315 1109 1401 1149 tarn
1416 1110 1424 1147 2
1450 1123 1466 1144 ι

272 1177 371 1217 Hoc
387 1174 489 1217 fletu
511 1177 710 1218 concussi
727 1177 886 1225 animi,
907 1181 1172 1231 maestusque
1195 1190 1273 1231 per
1292 1188 1444 1220 omnes

220 1248 258 1285 1t
276 1245 486 1296 gemitus3
510 1248 689 1297 torpent
707 1244 902 1288 infractae
917 1246 972 1288 ad
989 1247 1140 1300 praelia
1160 1246 1289 1288 vires.

223 1312 344 1353 Illam
361 1312 671 1356 incendentem
687 1315 828 1356 luctus
847 1314 989 1356 Idaeus
1013 1317 1057 1357 et
1072 1316 1225 1366 Actor,

223 1380 378 1424 Ilionei
393 1383 568 1424 monitu
586 1388 629 1425 et
644 1383 837 1425 multum
851 1385 1138 1436 lacrymantis
1156 1385 1239 1426 ltili
1253 1417 1263 1431 ‚

224 1452 496 1503 corripiunt.
518 1452 719 1506 interque
733 1464 888 1495 manus
900 1454 980 1495 sub
1000 1457 1115 1496 tecta
1129 1456 1368 1506 reponunt.

277 1524 335 1562 At
358 1522 460 1563 tuba
477 1522 716 1564 terribilem
735 1524 928 1565 sonitum
945 1523 1099 1576 procul
1119 1534 1204 1565 aere
1221 1534 1385 1565 canoro

227 1593 465 1645 Increpuit.
485 1592 690 1645 Sequitur
709 1593 893 1644 clamor,
915 1595 1163 1647 coelumque
1184 1596 1391 1647 remugit.

228 1661 490 1704 Adcelerant
505 1663 602 1704 acta
617 1662 779 1717 pariter
798 1662 1015 1705 testudine
1035 1664 1199 1711 Volsci;

226 1732 280 1770 Et
299 1728 432 1772 fossas
449 1729 633 1784 implere
656 1735 835 1784 parant,
860 1742 909 1773 ac
925 1731 1091 1774 vellere
1110 1732 1291 1773 vallum.

230 1800 443 1849 Quaerunt
463 1811 560 1853 pars
579 1801 744 1842 aditum
763 1833 771 1848 ‚
793 1802 838 1843 et
856 1801 980 1842 scalis
1001 1800 1269 1843 adscendere
1290 1812 1461 1847 muros:

233 1872 326 1920 Qua
346 1880 443 1911 rara
461 1874 528 1912 est
545 1870 679 1918 acies,
701 1870 1022 1924 interlucetque
1037 1881 1204 1912 corona

232 1940 328 1978 Non
344 1941 433 1979 tam
451 1939 586 1993 spissa
605 1939 725 1980 viris,
742 1939 949 1981 Telorum
963 1936 1192 1982 estundere
1208 1942 1364 1982 contra

229 2010 371 2049 Omne
391 2020 528 2062 genus
547 2010 728 2058 Teucri,
751 2021 801 2051 ac
821 2009 942 2052 duris
966 2010 1201 2052 detrudere
1220 2011 1387 2057 contis,

232 2078 412 2121 Adsueti
427 2078 558 2132 longo
577 2091 727 2121 muros
747 2078 982 2123 defendere
1002 2080 1139 2122 bello.

230 2149 338 2189 Saxa
354 2158 526 2201 quoque
542 2147 701 2190 infesto
720 2148 954 2191 volvebant
972 2149 1192 2204 pondere,
1215 2149 1249 2190 si
1266 2159 1350 2202 qua

232 2219 415 2258 Possent
430 2220 592 2259 tectam
609 2216 747 2260 aciem
761 2229 1066 2273 perrumpere:
1079 2230 1213 2272 quum
1228 2221 1373 2261 tamen
1383 2229 1535 2261 omnes

234 2287 363 2330 Ferre
376 2288 502 2339 juvat
515 2287 663 2329 subter
683 2287 818 2330 densa
834 2288 1052 2331 testudine
1070 2300 1208 2331 casus.

233 2357 319 2397 Nec
336 2358 428 2407 jam
448 2356 690 2399 sufficiunt.
708 2360 821 2400 Nam
839 2391 849 2406 .
866 2370 953 2413 qua
973 2360 1127 2412 globus
1147 2358 1350 2401 imminet
1365 2360 1535 2413 ingens.

236 2430 475 2471 [inmanem
495 2431 649 2473 Teucri
668 2432 830 2474 molem
844 2431 1112 2485 volvuntque
1128 2434 1351 2486 ruuntque
1370 2449 1379 2472 :
