1917 2942
192 328 235 365 Μ
675 330 837 369 LIBER
869 330 975 368 vm.
1416 331 1483 370 55¹

193 411 385 464 Triginta
402 412 596 465 capitum
611 411 725 455 setus
745 415 871 456 enixa
889 446 899 462 ,
920 413 1106 466 jacebit3

194 480 322 527 Alba,
341 482 436 522 solo
453 481 695 531 recubans,
718 481 802 523 albi
822 482 992 525 circum
1015 483 1150 525 ubera
1166 484 1274 526 nati.

197 553 230 590 H
236 551 272 591 ic
284 549 408 592 locus
426 550 545 592 urbis
561 551 668 600 erit,
687 552 858 605 requies
880 564 931 595 ea
949 556 1069 595 certa
1088 553 1312 596 laborum:

195 623 253 661 Ex
269 631 359 673 quo
379 624 444 663 ter
465 620 591 662 denis
610 622 768 664 urbem
781 621 1070 664 redeuntibus
1089 623 1217 665 annis

195 692 403 733 Ascanius
421 692 530 733 clari
547 691 713 735 condet
729 692 1007 749 cognominis
1024 693 1197 735 Albam.

197 761 320 802 Haud
342 761 513 804 ineerta
531 773 659 803 cano.
682 764 812 805 Nunc
828 774 912 815 qua
928 763 1126 810 ratione,
1144 763 1264 816 quod
1282 764 1429 810 instat,

196 830 406 884 Expedias
427 832 585 877 victor,
607 832 781 884 paucis,
800 831 1002 878 adverte,
1026 832 1211 875 docebo.

197 900 383 942 Arcades
402 900 470 943 his
488 902 577 942 oris
593 934 602 945 ,
622 912 761 953 genus
785 913 809 943 a
831 902 1029 942 Pallante
1049 902 1296 955 profectum
1315 936 1324 951 ‚

197 971 276 1019 Qui
294 981 440 1023 regem
458 971 713 1012 Evandrum
730 972 913 1013 comites
930 1001 939 1018 ‚
952 972 1025 1024 qui
1044 972 1168 1025 signa
1184 975 1356 1027 sequuti
1374 1007 1382 1022 ,

198 1041 404 1092 Delegere
424 1040 599 1088 locum,
624 1045 669 1083 et
685 1052 872 1095 posuere
894 1042 940 1081 iu
960 1043 1186 1084 montibus
1205 1043 1361 1086 urbem
1381 1077 1390 1092 ,

198 1111 401 1152 Pallantis
420 1111 576 1164 proaxi
596 1110 650 1151 de
667 1110 847 1152 nomine
866 1110 1143 1152 Pallanteum
1164 1127 1174 1151 z

200 1180 249 1220 l-li
266 1178 431 1220 bellum
450 1178 633 1220 adsidue
653 1177 822 1219 ducunt
842 1189 942 1219 cum
959 1181 1092 1230 geute
1117 1180 1293 1229 Latium

200 1251 284 1290 Hos
302 1248 455 1290 castris
474 1247 634 1290 adhibe
653 1248 821 1300 socios,
839 1252 883 1288 et
905 1246 1069 1290 soedera
1079 1251 1236 1302 junge.

199 1319 289 1370 Ipse
310 1329 390 1371 ego
411 1321 452 1359 te
469 1318 575 1372 ripis
595 1319 639 1360 et
653 1320 777 1359 recto
798 1315 980 1361 flumine
997 1318 1154 1360 ducam
1173 1350 1181 1365 .

200 1387 441 1430 Adversum
461 1388 592 1429 remis
612 1398 792 1441 superes
811 1387 1046 1430 subvectus
1066 1392 1117 1429 ut
1135 1400 1327 1432 amnem.

200 1459 330 1511 Surge
350 1468 429 1511 age
444 1488 455 1507 ,
475 1461 578 1499 uate
608 1456 714 1504 dea;
737 1458 974 1510 primisque
992 1458 1254 1502 cadentibus
1270 1462 1418 1508 astris.

197 1528 357 1569 Junoni
375 1527 438 1569 fer
457 1528 540 1569 rite
561 1537 734 1580 preces,
755 1526 951 1579 iramque
970 1526 1196 1579 minasque

200 1597 470 1651 supplicibus
489 1608 650 1651 supera
670 1597 797 1638 votis.
818 1596 923 1637 Mihi
941 1597 1084 1638 victor
1101 1595 1316 1642 honorem

202 1667 437 1710 persolves.
458 1670 550 1719 Ego
571 1677 693 1712 sum,
712 1667 843 1720 pleno
860 1676 991 1718 quem
1009 1664 1191 1710 flumine
1210 1671 1353 1711 cernis

200 1737 493 1788 Stringentem
508 1737 625 1789 ripas
638 1767 647 1783 ‚
666 1736 710 1778 et
728 1735 908 1789 pinguia
928 1734 1046 1777 culta
1061 1739 1285 1779 secantem
1304 1771 1313 1786 ‚

202 1807 412 1848 Caeruleus
431 1805 615 1856 Thybris
630 1838 639 1851 ‚
657 1804 771 1847 coelo
796 1805 1066 1857 gratissimus
1080 1806 1239 1848 amnis.

202 1875 280 1917 Hic
299 1875 404 1916 mihi
419 1885 577 1927 magna
601 1875 783 1922 domus,
804 1875 927 1917 celsis
943 1877 1077 1928 caput
1096 1875 1277 1918 urbibus
1301 1880 1404 1920 exit.
1421 1896 1437 1916 n

252 1945 387 1993 Dixit,
408 1944 569 1988 deinde
585 1946 681 1987 lacu
703 1942 860 1987 fluvius
877 1955 923 1986 se
940 1944 1139 1987 condidit
1155 1946 1242 1987 alto
1258 1980 1268 1996 ,

205 2015 289 2055 Ima
307 2017 479 2070 petens.
499 2019 588 2057 Nox
607 2018 772 2057 AEnean
793 2025 1060 2067 somnusque
1079 2015 1276 2069 reliquit.

203 2085 366 2136 Surgit.
389 2089 455 2132 et,
473 2083 639 2126 zetherii
661 2086 864 2136 spectans
882 2083 1072 2126 orientia
1089 2084 1191 2126 solis

206 2155 384 2196 Lumina
400 2187 407 2202 .
428 2155 509 2197 rite
527 2154 644 2195 cavis
659 2152 827 2195 undam
842 2152 896 2196 de
916 2149 1099 2195 flumine
1119 2154 1274 2208 palmis

206 2224 407 2276 Sustulit,
428 2236 479 2267 ac
500 2223 608 2266 tales
628 2222 816 2265 effundit
834 2223 890 2265 ad
909 2223 1071 2265 aethera
1085 2234 1244 2267 voces:
1403 2228 1485 2279 [est
1505 2248 1514 2277 ς

260 2309 276 2330 α
291 2294 522 2349 Nymphae,
535 2295 773 2336 Laurentes
789 2292 1016 2348 Nymphae,
1027 2304 1164 2346 genus
1179 2295 1382 2339 amnibus
1392 2299 1512 2343 unde

208 2363 352 2415 Tuque
370 2396 379 2411 ,
399 2375 424 2405 0
441 2363 603 2416 Thybri
627 2366 702 2405 tuo
721 2362 894 2414 genitor
910 2373 1011 2403 cum
1030 2361 1209 2404 flumine
1229 2370 1403 2413 sancto,

211 2432 403 2486 Adcipite
428 2437 616 2479 [Eueam
640 2436 682 2476 et
705 2431 879 2475 taudem
897 2435 1040 2475 arcete
1061 2432 1251 2487 periclis.

1232 2523 1296 2562 22.
