<?xml version="1.0" encoding="UTF-8"?>
<!DOCTYPE html PUBLIC "-//W3C//DTD XHTML 1.0 Transitional//EN"
    "http://www.w3.org/TR/xhtml1/DTD/xhtml1-transitional.dtd">
<html xmlns="http://www.w3.org/1999/xhtml" xml:lang="en" lang="en">
 <head>
  <title>
</title>
<meta http-equiv="Content-Type" content="text/html;charset=utf-8" />
  <meta name='ocr-system' content='tesseract 3.04.00' />
  <meta name='ocr-capabilities' content='ocr_page ocr_carea ocr_par ocr_line ocrx_word'/>
</head>
<body>
  <div class='ocr_page' id='page_1' title='image "./publiivirgiliim01unkngoog_0303.png"; bbox 0 0 1917 2942; ppageno 0'>
   <div class='ocr_carea' id='block_1_1' title="bbox 729 337 1136 404">
    <p class='ocr_par' dir='ltr' id='par_1_1' title="bbox 729 337 1136 404">
     <span class='ocr_line' id='line_1_1' title="bbox 729 337 1136 404; baseline 0.002 -1"><span class='ocrx_word' id='word_1_1' title='bbox 729 337 1136 404; x_wconf 77' lang='lat' dir='ltr'>AENEtDOS</span> 
     </span>
    </p>
   </div>
   <div class='ocr_carea' id='block_1_2' title="bbox 640 525 1290 579">
    <p class='ocr_par' dir='ltr' id='par_1_2' title="bbox 640 525 1290 579">
     <span class='ocr_line' id='line_1_2' title="bbox 640 525 1290 579; baseline 0.008 -5"><span class='ocrx_word' id='word_1_2' title='bbox 640 525 1290 579; x_wconf 84' lang='lat' dir='ltr'>LIBER.SEPT1MUS.</span> 
     </span>
    </p>
   </div>
   <div class='ocr_carea' id='block_1_3' title="bbox 317 721 1622 789">
    <p class='ocr_par' dir='ltr' id='par_1_3' title="bbox 317 721 1622 789">
     <span class='ocr_line' id='line_1_3' title="bbox 317 721 1622 789; baseline 0.014 -17"><span class='ocrx_word' id='word_1_3' title='bbox 317 721 1622 789; x_wconf 37' lang='lat' dir='ltr'>ffiffiffififissffiffiffissssssffiss„QQQQQQQQQQ</span> 
     </span>
    </p>
   </div>
   <div class='ocr_carea' id='block_1_4' title="bbox 310 889 1627 1973">
    <p class='ocr_par' dir='ltr' id='par_1_4' title="bbox 310 889 1627 1973">
     <span class='ocr_line' id='line_1_4' title="bbox 310 889 1608 941; baseline 0.014 -21"><span class='ocrx_word' id='word_1_4' title='bbox 310 889 455 929; x_wconf 67' lang='lat' dir='ltr'>fllneas,</span> <span class='ocrx_word' id='word_1_5' title='bbox 474 890 663 925; x_wconf 77' lang='lat' dir='ltr'>tumulata</span> <span class='ocrx_word' id='word_1_6' title='bbox 684 889 725 925; x_wconf 81' lang='lat' dir='ltr'>in</span> <span class='ocrx_word' id='word_1_7' title='bbox 752 893 1020 927; x_wconf 79' lang='lat' dir='ltr'><strong>Auruncorum</strong></span> <span class='ocrx_word' id='word_1_8' title='bbox 1047 894 1161 930; x_wconf 86' lang='lat' dir='ltr'>litore</span> <span class='ocrx_word' id='word_1_9' title='bbox 1179 896 1322 939; x_wconf 80' lang='lat' dir='ltr'>Caieta,</span> <span class='ocrx_word' id='word_1_10' title='bbox 1346 900 1499 936; x_wconf 82' lang='lat' dir='ltr'>nutrice</span> <span class='ocrx_word' id='word_1_11' title='bbox 1518 910 1608 941; x_wconf 77' lang='lat' dir='ltr'>sua.</span> 
     </span>
     <span class='ocr_line' id='line_1_5' title="bbox 353 951 1613 998; baseline 0.013 -16"><span class='ocrx_word' id='word_1_12' title='bbox 353 951 648 993; x_wconf 59' lang='lat' dir='ltr'>praetergressus</span> <span class='ocrx_word' id='word_1_13' title='bbox 661 953 836 987; x_wconf 88' lang='lat' dir='ltr'>montem</span> <span class='ocrx_word' id='word_1_14' title='bbox 862 951 1063 995; x_wconf 73' lang='lat' dir='ltr'>Circaeum,</span> <span class='ocrx_word' id='word_1_15' title='bbox 1084 955 1209 992; x_wconf 88' lang='lat' dir='ltr'>Circes</span> <span class='ocrx_word' id='word_1_16' title='bbox 1225 958 1470 996; x_wconf 72' lang='lat' dir='ltr'>habitatione</span> <span class='ocrx_word' id='word_1_17' title='bbox 1490 965 1528 997; x_wconf 90' lang='lat' dir='ltr'>et</span> <span class='ocrx_word' id='word_1_18' title='bbox 1546 971 1613 998; x_wconf 88' lang='lat' dir='ltr'>ve·-</span> 
     </span>
     <span class='ocr_line' id='line_1_6' title="bbox 354 1009 1617 1061; baseline 0.013 -18"><span class='ocrx_word' id='word_1_19' title='bbox 354 1009 505 1045; x_wconf 82' lang='lat' dir='ltr'>nessciis</span> <span class='ocrx_word' id='word_1_20' title='bbox 523 1011 728 1055; x_wconf 75' lang='lat' dir='ltr'>infamem,</span> <span class='ocrx_word' id='word_1_21' title='bbox 745 1013 791 1048; x_wconf 81' lang='lat' dir='ltr'>ad</span> <span class='ocrx_word' id='word_1_22' title='bbox 807 1013 902 1048; x_wconf 83' lang='lat' dir='ltr'>ostiu</span> <span class='ocrx_word' id='word_1_23' title='bbox 920 1014 1072 1050; x_wconf 87' lang='lat' dir='ltr'>Tiberis</span> <span class='ocrx_word' id='word_1_24' title='bbox 1096 1017 1313 1061; x_wconf 79' lang='lat' dir='ltr'>adpellitur.</span> <span class='ocrx_word' id='word_1_25' title='bbox 1334 1024 1440 1057; x_wconf 86' lang='lat' dir='ltr'>Tunc</span> <span class='ocrx_word' id='word_1_26' title='bbox 1459 1022 1617 1059; x_wconf 85' lang='lat' dir='ltr'>Lotinus</span> 
     </span>
     <span class='ocr_line' id='line_1_7' title="bbox 353 1068 1624 1126; baseline 0.014 -24"><span class='ocrx_word' id='word_1_27' title='bbox 353 1068 410 1103; x_wconf 87' lang='lat' dir='ltr'>ibi</span> <span class='ocrx_word' id='word_1_28' title='bbox 434 1069 666 1115; x_wconf 76' lang='lat' dir='ltr'>imperabat,</span> <span class='ocrx_word' id='word_1_29' title='bbox 692 1073 754 1109; x_wconf 90' lang='lat' dir='ltr'>cui</span> <span class='ocrx_word' id='word_1_30' title='bbox 781 1074 941 1117; x_wconf 84' lang='lat' dir='ltr'>quidem</span> <span class='ocrx_word' id='word_1_31' title='bbox 962 1076 1078 1112; x_wconf 79' lang='lat' dir='ltr'>unica</span> <span class='ocrx_word' id='word_1_32' title='bbox 1094 1080 1175 1114; x_wconf 81' lang='lat' dir='ltr'>erat</span> <span class='ocrx_word' id='word_1_33' title='bbox 1200 1079 1279 1115; x_wconf 73' lang='lat' dir='ltr'>filia</span> <span class='ocrx_word' id='word_1_34' title='bbox 1306 1082 1481 1126; x_wconf 80' lang='lat' dir='ltr'>Lavinio,</span> <span class='ocrx_word' id='word_1_35' title='bbox 1500 1086 1624 1120; x_wconf 83' lang='lat' dir='ltr'>Fauni</span> 
     </span>
     <span class='ocr_line' id='line_1_8' title="bbox 350 1132 1623 1180; baseline 0.011 -14"><span class='ocrx_word' id='word_1_36' title='bbox 350 1132 518 1167; x_wconf 84' lang='lat' dir='ltr'>oraculis</span> <span class='ocrx_word' id='word_1_37' title='bbox 538 1132 727 1169; x_wconf 80' lang='lat' dir='ltr'>destinata</span> <span class='ocrx_word' id='word_1_38' title='bbox 742 1135 899 1169; x_wconf 75' lang='lat' dir='ltr'>externo</span> <span class='ocrx_word' id='word_1_39' title='bbox 915 1136 1073 1178; x_wconf 78' lang='lat' dir='ltr'>marito,</span> <span class='ocrx_word' id='word_1_40' title='bbox 1093 1139 1239 1173; x_wconf 75' lang='lat' dir='ltr'>Amatoe.</span> <span class='ocrx_word' id='word_1_41' title='bbox 1256 1141 1388 1176; x_wconf 79' lang='lat' dir='ltr'>tamen</span> <span class='ocrx_word' id='word_1_42' title='bbox 1406 1144 1545 1179; x_wconf 78' lang='lat' dir='ltr'>matris</span> <span class='ocrx_word' id='word_1_43' title='bbox 1560 1154 1623 1180; x_wconf 77' lang='lat' dir='ltr'>vo-</span> 
     </span>
     <span class='ocr_line' id='line_1_9' title="bbox 352 1194 1627 1243; baseline 0.013 -17"><span class='ocrx_word' id='word_1_44' title='bbox 352 1194 498 1229; x_wconf 85' lang='lat' dir='ltr'>luntate</span> <span class='ocrx_word' id='word_1_45' title='bbox 514 1195 704 1237; x_wconf 81' lang='lat' dir='ltr'>promissa</span> <span class='ocrx_word' id='word_1_46' title='bbox 723 1199 865 1237; x_wconf 86' lang='lat' dir='ltr'>Turno,</span> <span class='ocrx_word' id='word_1_47' title='bbox 881 1198 1109 1233; x_wconf 86' lang='lat' dir='ltr'>Rutulorum</span> <span class='ocrx_word' id='word_1_48' title='bbox 1125 1198 1226 1243; x_wconf 78' lang='lat' dir='ltr'>regi.</span> <span class='ocrx_word' id='word_1_49' title='bbox 1247 1201 1367 1237; x_wconf 77' lang='lat' dir='ltr'>Mittit</span> <span class='ocrx_word' id='word_1_50' title='bbox 1385 1207 1520 1241; x_wconf 78' lang='lat' dir='ltr'>AEneas</span> <span class='ocrx_word' id='word_1_51' title='bbox 1537 1214 1627 1241; x_wconf 76' lang='lat' dir='ltr'>ora-</span> 
     </span>
     <span class='ocr_line' id='line_1_10' title="bbox 353 1255 1626 1305; baseline 0.011 -19"><span class='ocrx_word' id='word_1_52' title='bbox 353 1255 454 1287; x_wconf 84' lang='lat' dir='ltr'>tores</span> <span class='ocrx_word' id='word_1_53' title='bbox 472 1255 720 1297; x_wconf 71' lang='lat' dir='ltr'>Laurentum,</span> <span class='ocrx_word' id='word_1_54' title='bbox 739 1255 780 1289; x_wconf 88' lang='lat' dir='ltr'>in</span> <span class='ocrx_word' id='word_1_55' title='bbox 794 1255 935 1290; x_wconf 83' lang='lat' dir='ltr'>urbem</span> <span class='ocrx_word' id='word_1_56' title='bbox 953 1256 1084 1291; x_wconf 78' lang='lat' dir='ltr'>Latini</span> <span class='ocrx_word' id='word_1_57' title='bbox 1100 1257 1265 1301; x_wconf 74' lang='lat' dir='ltr'>regium.</span> <span class='ocrx_word' id='word_1_58' title='bbox 1286 1261 1446 1297; x_wconf 78' lang='lat' dir='ltr'>Latinus</span> <span class='ocrx_word' id='word_1_59' title='bbox 1466 1268 1626 1305; x_wconf 78' lang='lat' dir='ltr'>AEnean‚</span> 
     </span>
     <span class='ocr_line' id='line_1_11' title="bbox 351 1311 1621 1368; baseline 0.01 -22"><span class='ocrx_word' id='word_1_60' title='bbox 351 1319 429 1346; x_wconf 88' lang='lat' dir='ltr'>uon</span> <span class='ocrx_word' id='word_1_61' title='bbox 449 1311 563 1347; x_wconf 91' lang='lat' dir='ltr'>modo</span> <span class='ocrx_word' id='word_1_62' title='bbox 581 1313 624 1347; x_wconf 92' lang='lat' dir='ltr'>in</span> <span class='ocrx_word' id='word_1_63' title='bbox 642 1314 804 1354; x_wconf 83' lang='lat' dir='ltr'>socium,</span> <span class='ocrx_word' id='word_1_64' title='bbox 837 1314 901 1348; x_wconf 86' lang='lat' dir='ltr'>sed</span> <span class='ocrx_word' id='word_1_65' title='bbox 921 1315 1068 1350; x_wconf 79' lang='lat' dir='ltr'>oraculi</span> <span class='ocrx_word' id='word_1_66' title='bbox 1089 1325 1254 1358; x_wconf 88' lang='lat' dir='ltr'>memor,</span> <span class='ocrx_word' id='word_1_67' title='bbox 1286 1319 1408 1355; x_wconf 81' lang='lat' dir='ltr'>etiam</span> <span class='ocrx_word' id='word_1_68' title='bbox 1430 1323 1470 1356; x_wconf 84' lang='lat' dir='ltr'>in</span> <span class='ocrx_word' id='word_1_69' title='bbox 1500 1332 1621 1368; x_wconf 82' lang='lat' dir='ltr'>gene-</span> 
     </span>
     <span class='ocr_line' id='line_1_12' title="bbox 351 1373 1621 1422; baseline 0.01 -14"><span class='ocrx_word' id='word_1_70' title='bbox 351 1381 455 1415; x_wconf 88' lang='lat' dir='ltr'>rum,</span> <span class='ocrx_word' id='word_1_71' title='bbox 474 1373 661 1408; x_wconf 82' lang='lat' dir='ltr'>admittit.</span> <span class='ocrx_word' id='word_1_72' title='bbox 681 1374 846 1409; x_wconf 86' lang='lat' dir='ltr'>Interim</span> <span class='ocrx_word' id='word_1_73' title='bbox 864 1377 881 1410; x_wconf 89' lang='lat' dir='ltr'>J</span> <span class='ocrx_word' id='word_1_74' title='bbox 888 1384 977 1417; x_wconf 89' lang='lat' dir='ltr'>uno,</span> <span class='ocrx_word' id='word_1_75' title='bbox 1008 1377 1200 1422; x_wconf 85' lang='lat' dir='ltr'>prosperis</span> <span class='ocrx_word' id='word_1_76' title='bbox 1220 1381 1474 1422; x_wconf 74' lang='lat' dir='ltr'>Trojanorum</span> <span class='ocrx_word' id='word_1_77' title='bbox 1504 1386 1621 1421; x_wconf 83' lang='lat' dir='ltr'>rebus</span> 
     </span>
     <span class='ocr_line' id='line_1_13' title="bbox 350 1433 1622 1488; baseline 0.009 -20"><span class='ocrx_word' id='word_1_78' title='bbox 350 1433 518 1473; x_wconf 78' lang='lat' dir='ltr'>offensa,</span> <span class='ocrx_word' id='word_1_79' title='bbox 537 1438 645 1467; x_wconf 75' lang='lat' dir='ltr'>vocat</span> <span class='ocrx_word' id='word_1_80' title='bbox 675 1435 803 1469; x_wconf 83' lang='lat' dir='ltr'>Alecto</span> <span class='ocrx_word' id='word_1_81' title='bbox 819 1443 863 1470; x_wconf 84' lang='lat' dir='ltr'>ex</span> <span class='ocrx_word' id='word_1_82' title='bbox 881 1434 1021 1471; x_wconf 87' lang='lat' dir='ltr'>inseris</span> <span class='ocrx_word' id='word_1_83' title='bbox 1039 1446 1047 1470; x_wconf 85' lang='lat'>:</span> <span class='ocrx_word' id='word_1_84' title='bbox 1068 1438 1196 1474; x_wconf 82' lang='lat' dir='ltr'>Alecto</span> <span class='ocrx_word' id='word_1_85' title='bbox 1222 1439 1398 1483; x_wconf 87' lang='lat' dir='ltr'>primum</span> <span class='ocrx_word' id='word_1_86' title='bbox 1429 1446 1622 1488; x_wconf 75' lang='lat' dir='ltr'>Amatam,</span> 
     </span>
     <span class='ocr_line' id='line_1_14' title="bbox 354 1492 1625 1543; baseline 0.012 -16"><span class='ocrx_word' id='word_1_87' title='bbox 354 1492 479 1528; x_wconf 82' lang='lat' dir='ltr'>Latini</span> <span class='ocrx_word' id='word_1_88' title='bbox 508 1503 678 1536; x_wconf 81' lang='lat' dir='ltr'>uxorem,</span> <span class='ocrx_word' id='word_1_89' title='bbox 704 1495 758 1530; x_wconf 84' lang='lat' dir='ltr'>ita</span> <span class='ocrx_word' id='word_1_90' title='bbox 780 1495 959 1538; x_wconf 81' lang='lat' dir='ltr'>eoncitat,</span> <span class='ocrx_word' id='word_1_91' title='bbox 988 1497 1112 1533; x_wconf 80' lang='lat' dir='ltr'>utillo</span> <span class='ocrx_word' id='word_1_92' title='bbox 1136 1499 1276 1535; x_wconf 84' lang='lat' dir='ltr'>Bocchi</span> <span class='ocrx_word' id='word_1_93' title='bbox 1304 1510 1410 1538; x_wconf 78' lang='lat' dir='ltr'>sacra</span> <span class='ocrx_word' id='word_1_94' title='bbox 1432 1505 1625 1543; x_wconf 78' lang='lat' dir='ltr'>simulans</span> 
     </span>
     <span class='ocr_line' id='line_1_15' title="bbox 351 1555 1620 1601; baseline 0.009 -11"><span class='ocrx_word' id='word_1_95' title='bbox 351 1555 472 1591; x_wconf 80' lang='lat' dir='ltr'>fllium</span> <span class='ocrx_word' id='word_1_96' title='bbox 505 1555 711 1592; x_wconf 77' lang='lat' dir='ltr'>abscondat</span> <span class='ocrx_word' id='word_1_97' title='bbox 742 1557 782 1591; x_wconf 90' lang='lat' dir='ltr'>in</span> <span class='ocrx_word' id='word_1_98' title='bbox 802 1557 1016 1595; x_wconf 85' lang='lat' dir='ltr'>montibus.</span> <span class='ocrx_word' id='word_1_99' title='bbox 1038 1563 1212 1596; x_wconf 87' lang='lat' dir='ltr'>Turnum</span> <span class='ocrx_word' id='word_1_100' title='bbox 1244 1561 1383 1599; x_wconf 84' lang='lat' dir='ltr'>deinde</span> <span class='ocrx_word' id='word_1_101' title='bbox 1408 1566 1522 1600; x_wconf 84' lang='lat' dir='ltr'>furiis</span> <span class='ocrx_word' id='word_1_102' title='bbox 1545 1565 1620 1601; x_wconf 90' lang='lat' dir='ltr'>iis-</span> 
     </span>
     <span class='ocr_line' id='line_1_16' title="bbox 351 1617 1614 1667; baseline 0.009 -16"><span class='ocrx_word' id='word_1_103' title='bbox 351 1617 440 1652; x_wconf 88' lang='lat' dir='ltr'>dem</span> <span class='ocrx_word' id='word_1_104' title='bbox 457 1618 540 1661; x_wconf 78' lang='lat' dir='ltr'>agit</span> <span class='ocrx_word' id='word_1_105' title='bbox 557 1617 599 1651; x_wconf 90' lang='lat' dir='ltr'>in</span> <span class='ocrx_word' id='word_1_106' title='bbox 622 1617 769 1653; x_wconf 89' lang='lat' dir='ltr'>bellum</span> <span class='ocrx_word' id='word_1_107' title='bbox 789 1628 796 1652; x_wconf 93' lang='lat'>:</span> <span class='ocrx_word' id='word_1_108' title='bbox 816 1621 853 1654; x_wconf 85' lang='lat' dir='ltr'>et</span> <span class='ocrx_word' id='word_1_109' title='bbox 871 1622 1054 1662; x_wconf 77' lang='lat' dir='ltr'>Trojanos</span> <span class='ocrx_word' id='word_1_110' title='bbox 1073 1619 1305 1667; x_wconf 78' lang='lat' dir='ltr'>Latinosque</span> <span class='ocrx_word' id='word_1_111' title='bbox 1329 1624 1433 1660; x_wconf 88' lang='lat' dir='ltr'>inter</span> <span class='ocrx_word' id='word_1_112' title='bbox 1447 1635 1487 1661; x_wconf 86' lang='lat' dir='ltr'>se</span> <span class='ocrx_word' id='word_1_113' title='bbox 1505 1635 1614 1662; x_wconf 86' lang='lat' dir='ltr'>com-</span> 
     </span>
     <span class='ocr_line' id='line_1_17' title="bbox 353 1676 1621 1732; baseline 0.009 -21"><span class='ocrx_word' id='word_1_114' title='bbox 353 1676 488 1718; x_wconf 83' lang='lat' dir='ltr'>mittit,</span> <span class='ocrx_word' id='word_1_115' title='bbox 506 1678 631 1713; x_wconf 86' lang='lat' dir='ltr'>occiso</span> <span class='ocrx_word' id='word_1_116' title='bbox 651 1679 699 1713; x_wconf 82' lang='lat' dir='ltr'>ub</span> <span class='ocrx_word' id='word_1_117' title='bbox 719 1679 879 1714; x_wconf 83' lang='lat' dir='ltr'>Ascanio</span> <span class='ocrx_word' id='word_1_118' title='bbox 894 1689 1019 1721; x_wconf 80' lang='lat' dir='ltr'>cervo,</span> <span class='ocrx_word' id='word_1_119' title='bbox 1036 1682 1102 1725; x_wconf 81' lang='lat' dir='ltr'>qui</span> <span class='ocrx_word' id='word_1_120' title='bbox 1119 1684 1297 1726; x_wconf 71' lang='lat' dir='ltr'>Tyri-liei,</span> <span class='ocrx_word' id='word_1_121' title='bbox 1315 1687 1479 1729; x_wconf 82' lang='lat' dir='ltr'>pastoris</span> <span class='ocrx_word' id='word_1_122' title='bbox 1500 1688 1621 1732; x_wconf 82' lang='lat' dir='ltr'>regii,</span> 
     </span>
     <span class='ocr_line' id='line_1_18' title="bbox 353 1738 1620 1788; baseline 0.008 -14"><span class='ocrx_word' id='word_1_123' title='bbox 353 1738 443 1774; x_wconf 77' lang='lat' dir='ltr'>tlliae</span> <span class='ocrx_word' id='word_1_124' title='bbox 462 1738 598 1773; x_wconf 83' lang='lat' dir='ltr'>eratin</span> <span class='ocrx_word' id='word_1_125' title='bbox 614 1739 779 1776; x_wconf 84' lang='lat' dir='ltr'>deliciis.</span> <span class='ocrx_word' id='word_1_126' title='bbox 794 1741 984 1776; x_wconf 87' lang='lat' dir='ltr'>Omnibus</span> <span class='ocrx_word' id='word_1_127' title='bbox 1001 1742 1144 1777; x_wconf 86' lang='lat' dir='ltr'>bellum</span> <span class='ocrx_word' id='word_1_128' title='bbox 1165 1745 1437 1788; x_wconf 80' lang='lat' dir='ltr'>frementibus,</span> <span class='ocrx_word' id='word_1_129' title='bbox 1463 1748 1620 1786; x_wconf 75' lang='lat' dir='ltr'>Latinus</span> 
     </span>
     <span class='ocr_line' id='line_1_19' title="bbox 354 1793 1622 1852; baseline 0.009 -20"><span class='ocrx_word' id='word_1_130' title='bbox 354 1807 452 1833; x_wconf 87' lang='lat' dir='ltr'>unus</span> <span class='ocrx_word' id='word_1_131' title='bbox 478 1793 816 1835; x_wconf 76' lang='lat' dir='ltr'>obstitit:&#39;ta1nen</span> <span class='ocrx_word' id='word_1_132' title='bbox 844 1803 996 1836; x_wconf 86' lang='lat' dir='ltr'>Junone</span> <span class='ocrx_word' id='word_1_133' title='bbox 1027 1801 1108 1846; x_wconf 79' lang='lat' dir='ltr'>ipsa</span> <span class='ocrx_word' id='word_1_134' title='bbox 1141 1803 1234 1838; x_wconf 87' lang='lat' dir='ltr'>belli</span> <span class='ocrx_word' id='word_1_135' title='bbox 1254 1808 1382 1848; x_wconf 80' lang='lat' dir='ltr'>portas</span> <span class='ocrx_word' id='word_1_136' title='bbox 1407 1808 1622 1852; x_wconf 78' lang='lat' dir='ltr'>aperiente,</span> 
     </span>
     <span class='ocr_line' id='line_1_20' title="bbox 353 1858 1623 1906; baseline 0.01 -13"><span class='ocrx_word' id='word_1_137' title='bbox 353 1867 437 1894; x_wconf 86' lang='lat' dir='ltr'>rem</span> <span class='ocrx_word' id='word_1_138' title='bbox 473 1858 561 1894; x_wconf 83' lang='lat' dir='ltr'>sotis</span> <span class='ocrx_word' id='word_1_139' title='bbox 594 1859 825 1903; x_wconf 87' lang='lat' dir='ltr'>permittere</span> <span class='ocrx_word' id='word_1_140' title='bbox 849 1862 1013 1906; x_wconf 72' lang='lat' dir='ltr'>cogitur.</span> <span class='ocrx_word' id='word_1_141' title='bbox 1046 1864 1251 1899; x_wconf 84' lang='lat' dir='ltr'>confluunt</span> <span class='ocrx_word' id='word_1_142' title='bbox 1287 1865 1337 1901; x_wconf 77' lang='lat' dir='ltr'>sd</span> <span class='ocrx_word' id='word_1_143' title='bbox 1371 1871 1545 1904; x_wconf 87' lang='lat' dir='ltr'>Turnum</span> <span class='ocrx_word' id='word_1_144' title='bbox 1578 1879 1623 1906; x_wconf 77' lang='lat' dir='ltr'>ex</span> 
     </span>
     <span class='ocr_line' id='line_1_21' title="bbox 352 1919 1622 1973; baseline 0.008 -18"><span class='ocrx_word' id='word_1_145' title='bbox 352 1919 535 1955; x_wconf 89' lang='lat' dir='ltr'>omnibus</span> <span class='ocrx_word' id='word_1_146' title='bbox 556 1921 679 1956; x_wconf 81' lang='lat' dir='ltr'>ltalioe</span> <span class='ocrx_word' id='word_1_147' title='bbox 703 1921 876 1965; x_wconf 80' lang='lat' dir='ltr'>partibus</span> <span class='ocrx_word' id='word_1_148' title='bbox 894 1922 1060 1958; x_wconf 80' lang='lat' dir='ltr'>auxilio:</span> <span class='ocrx_word' id='word_1_149' title='bbox 1095 1925 1319 1968; x_wconf 81' lang='lat' dir='ltr'>Mezentius,</span> <span class='ocrx_word' id='word_1_150' title='bbox 1345 1928 1502 1973; x_wconf 88' lang='lat' dir='ltr'>ejusque</span> <span class='ocrx_word' id='word_1_151' title='bbox 1517 1929 1622 1965; x_wconf 83' lang='lat' dir='ltr'>filius</span> 
     </span>
    </p>
   </div>
   <div class='ocr_carea' id='block_1_5' title="bbox 351 1983 1619 2085">
    <p class='ocr_par' dir='ltr' id='par_1_5' title="bbox 351 1983 1619 2085">
     <span class='ocr_line' id='line_1_22' title="bbox 355 1983 1619 2033; baseline 0.009 -18"><span class='ocrx_word' id='word_1_152' title='bbox 355 1984 507 2022; x_wconf 70' lang='lat' dir='ltr'>Lausus⁷</span> <span class='ocrx_word' id='word_1_153' title='bbox 529 1989 617 2016; x_wconf 87' lang='lat' dir='ltr'>cum</span> <span class='ocrx_word' id='word_1_154' title='bbox 638 1983 851 2027; x_wconf 76' lang='lat' dir='ltr'>Agyllinis:</span> <span class='ocrx_word' id='word_1_155' title='bbox 873 1984 1031 2021; x_wconf 81' lang='lat' dir='ltr'>Catillus</span> <span class='ocrx_word' id='word_1_156' title='bbox 1056 1987 1094 2021; x_wconf 84' lang='lat' dir='ltr'>et</span> <span class='ocrx_word' id='word_1_157' title='bbox 1112 1989 1235 2027; x_wconf 81' lang='lat' dir='ltr'>Corus,</span> <span class='ocrx_word' id='word_1_158' title='bbox 1257 1996 1346 2023; x_wconf 84' lang='lat' dir='ltr'>oum</span> <span class='ocrx_word' id='word_1_159' title='bbox 1365 1989 1619 2033; x_wconf 75' lang='lat' dir='ltr'>Tyburtinis;</span> 
     </span>
     <span class='ocr_line' id='line_1_23' title="bbox 351 2043 1001 2085; baseline 0.005 -9"><span class='ocrx_word' id='word_1_160' title='bbox 351 2043 517 2077; x_wconf 72' lang='lat' dir='ltr'>Caeculus</span> <span class='ocrx_word' id='word_1_161' title='bbox 536 2050 624 2077; x_wconf 86' lang='lat' dir='ltr'>cum</span> <span class='ocrx_word' id='word_1_162' title='bbox 649 2043 906 2085; x_wconf 70' lang='lat' dir='ltr'>Praenestinis.</span> <span class='ocrx_word' id='word_1_163' title='bbox 929 2047 1001 2081; x_wconf 84' lang='lat' dir='ltr'>ete.</span> 
     </span>
    </p>
   </div>
   <div class='ocr_carea' id='block_1_6' title="bbox 303 2183 1512 2517">
    <p class='ocr_par' dir='ltr' id='par_1_6' title="bbox 303 2183 1334 2308">
     <span class='ocr_line' id='line_1_24' title="bbox 303 2183 1330 2237; baseline 0.007 -14"><span class='ocrx_word' id='word_1_164' title='bbox 303 2186 364 2224; x_wconf 88' lang='lat' dir='ltr'>Tu</span> <span class='ocrx_word' id='word_1_165' title='bbox 384 2193 557 2236; x_wconf 82' lang='lat' dir='ltr'>quoque</span> <span class='ocrx_word' id='word_1_166' title='bbox 574 2183 775 2226; x_wconf 83' lang='lat' dir='ltr'>litoribus</span> <span class='ocrx_word' id='word_1_167' title='bbox 794 2185 970 2231; x_wconf 75' lang='lat' dir='ltr'>nostris.</span> <span class='ocrx_word' id='word_1_168' title='bbox 998 2188 1149 2229; x_wconf 77' lang='lat' dir='ltr'>AEne&#39;ia</span> <span class='ocrx_word' id='word_1_169' title='bbox 1165 2189 1330 2237; x_wconf 74' lang='lat' dir='ltr'>nutrix,</span> 
     </span>
     <span class='ocr_line' id='line_1_25' title="bbox 309 2252 1334 2308; baseline 0.008 -16"><span class='ocrx_word' id='word_1_170' title='bbox 309 2255 535 2294; x_wconf 74' lang='lat' dir='ltr'>AEternam</span> <span class='ocrx_word' id='word_1_171' title='bbox 553 2253 747 2296; x_wconf 85' lang='lat' dir='ltr'>moriens</span> <span class='ocrx_word' id='word_1_172' title='bbox 765 2252 940 2307; x_wconf 75' lang='lat' dir='ltr'>famam,</span> <span class='ocrx_word' id='word_1_173' title='bbox 964 2256 1129 2308; x_wconf 79' lang='lat' dir='ltr'>Caieta,</span> <span class='ocrx_word' id='word_1_174' title='bbox 1148 2254 1334 2308; x_wconf 80' lang='lat' dir='ltr'>dedisti3</span> 
     </span>
    </p>

    <p class='ocr_par' dir='ltr' id='par_1_7' title="bbox 307 2323 1512 2517">
     <span class='ocr_line' id='line_1_26' title="bbox 307 2323 1512 2382; baseline 0.01 -21"><span class='ocrx_word' id='word_1_175' title='bbox 307 2325 362 2364; x_wconf 83' lang='lat' dir='ltr'>Et</span> <span class='ocrx_word' id='word_1_176' title='bbox 383 2332 504 2364; x_wconf 87' lang='lat' dir='ltr'>nunc</span> <span class='ocrx_word' id='word_1_177' title='bbox 523 2326 670 2366; x_wconf 81' lang='lat' dir='ltr'>servat</span> <span class='ocrx_word' id='word_1_178' title='bbox 688 2323 829 2366; x_wconf 87' lang='lat' dir='ltr'>honos</span> <span class='ocrx_word' id='word_1_179' title='bbox 844 2324 996 2368; x_wconf 83' lang='lat' dir='ltr'>sedem</span> <span class='ocrx_word' id='word_1_180' title='bbox 1011 2329 1126 2376; x_wconf 83' lang='lat' dir='ltr'>tuus,</span> <span class='ocrx_word' id='word_1_181' title='bbox 1146 2337 1331 2382; x_wconf 80' lang='lat' dir='ltr'>ossaque</span> <span class='ocrx_word' id='word_1_182' title='bbox 1350 2340 1512 2374; x_wconf 80' lang='lat' dir='ltr'>nomen</span> 
     </span>
     <span class='ocr_line' id='line_1_27' title="bbox 309 2391 1447 2454; baseline 0.01 -24"><span class='ocrx_word' id='word_1_183' title='bbox 309 2391 521 2443; x_wconf 75' lang='lat' dir='ltr'>,Hesperia</span> <span class='ocrx_word' id='word_1_184' title='bbox 539 2392 586 2453; x_wconf 76' lang='lat' dir='ltr'>in</span> <span class='ocrx_word' id='word_1_185' title='bbox 605 2404 777 2446; x_wconf 79' lang='lat' dir='ltr'>magna,</span> <span class='ocrx_word' id='word_1_186' title='bbox 797 2393 934 2448; x_wconf 78' lang='lat' dir='ltr'>siqua</span> <span class='ocrx_word' id='word_1_187' title='bbox 954 2399 1021 2438; x_wconf 83' lang='lat' dir='ltr'>est</span> <span class='ocrx_word' id='word_1_188' title='bbox 1037 2407 1087 2439; x_wconf 81' lang='lat' dir='ltr'>ea</span> <span class='ocrx_word' id='word_1_189' title='bbox 1110 2397 1267 2451; x_wconf 76' lang='lat' dir='ltr'>gloria,</span> <span class='ocrx_word' id='word_1_190' title='bbox 1287 2400 1447 2454; x_wconf 77' lang='lat' dir='ltr'>signat.</span> 
     </span>
     <span class='ocr_line' id='line_1_28' title="bbox 312 2461 1173 2517; baseline 0.013 -17"><span class='ocrx_word' id='word_1_191' title='bbox 312 2464 365 2503; x_wconf 79' lang='lat' dir='ltr'>At</span> <span class='ocrx_word' id='word_1_192' title='bbox 383 2461 475 2514; x_wconf 74' lang='lat' dir='ltr'>pius</span> <span class='ocrx_word' id='word_1_193' title='bbox 493 2464 705 2517; x_wconf 81' lang='lat' dir='ltr'>exsequiis</span> <span class='ocrx_word' id='word_1_194' title='bbox 729 2466 883 2508; x_wconf 61' lang='lat' dir='ltr'>AEneas</span> <span class='ocrx_word' id='word_1_195' title='bbox 905 2466 989 2509; x_wconf 84' lang='lat' dir='ltr'>rite</span> <span class='ocrx_word' id='word_1_196' title='bbox 1005 2468 1173 2516; x_wconf 80' lang='lat' dir='ltr'>solutis,</span> 
     </span>
    </p>
   </div>
  </div>
 </body>
</html>
