1917 2942
415 338 491 378 2⁴12
935 340 1196 380 AENEmos
1613 321 1706 383 '37ss

410 426 597 479 incipias
615 424 817 470 conferre
838 436 1032 468 manum.
1059 442 1075 464 »

411 499 599 538 Tantum
619 496 773 538 effatus
793 529 802 544 ,
825 499 868 537 et
886 496 1039 538 infesta
1056 496 1172 538 subit
1187 497 1338 539 obvius
1352 496 1489 539 hasta.

411 566 488 607 Ille
509 571 654 608 autem
677 577 686 601 ε
713 580 729 601 «ι
750 566 861 615 Quid
883 577 978 611 me.
1001 568 1175 620 erepto,
1200 567 1436 609 saevissime
1451 600 1461 618 ‚
1480 570 1605 614 nato,

411 639 562 677 Terres
577 637 595 676 ‚⁹
612 635 707 677 haec
729 636 796 677 via
814 637 904 677 sola
925 634 1007 677 tuit
1025 669 1033 682 ‚
1063 646 1150 688 qua
1168 635 1351 688 perdere
1373 647 1530 689 posses.

415 706 507 747 Nec
532 708 720 747 mortem
742 703 975 747 horremus
996 736 1004 751 ‚
1026 714 1109 747 nec
1129 704 1280 745 divum
1299 707 1520 759 parcimus
1538 705 1631 748 ulli.

413 776 706 818 Desine.Ja1n
725 768 853 817 Venio
874 775 1113 816 moriturus
1127 805 1136 821 ,
1156 781 1198 818 et
1211 776 1305 817 haec
1322 776 1398 817 tibi
1416 779 1546 829 porto

411 846 536 885 Dona
554 844 691 897 prius.
716 860 730 879 u
753 843 892 890 Dixit,
915 843 1136 895 telumque
1155 844 1332 886 intorsit
1353 845 1393 884 in
1414 844 1585 886 hostem
1605 861 1614 884 ε

408 913 518 956 Inde
539 914 659 956 aliud
677 925 808 967 super
829 916 958 966 atque
977 913 1097 954 aliud
1114 912 1308 967 figitque.
1330 914 1534 967 volatque

414 983 588 1035 Ingenti
606 994 745 1035 gyro:
767 984 840 1026 sed
862 985 1214 1026 sustinetaurens
1228 984 1377 1025 umbo.

411 1056 495 1095 Ter
516 1052 680 1095 circum
703 1051 948 1095 adstantem
964 1054 1098 1095 laevos
1115 1055 1327 1106 equitavit
1343 1056 1391 1096 in
1407 1056 1533 1097 orbes
1551 1086 1559 1099 ,

412 1124 518 1164 Tela
534 1133 664 1163 manu
683 1124 851 1173 jaciens
873 1139 884 1163 ι
905 1127 975 1164 ter
988 1133 1135 1164 secum
1152 1126 1307 1165 Troius
1329 1123 1456 1167 heros

410 1195 655 1234 Immanem
675 1197 810 1234 cerato
826 1191 1081 1234 circumfert
1099 1193 1291 1244 tegmine
1311 1193 1479 1235 silvam.

410 1261 519 1304 lnde
538 1261 611 1302 ubi
629 1265 695 1304 tot
713 1262 891 1305 traxisse
907 1273 1053 1304 moras
1071 1294 1080 1309 ‚
1104 1264 1169 1302 tot
1185 1263 1349 1317 spicula
1370 1263 1500 1306 taedet

413 1329 587 1372 Vellere
606 1361 617 1382 ,
640 1333 684 1372 et
698 1334 878 1384 urgetur
900 1342 1048 1383 pugna
1066 1341 1324 1383 congressus
1344 1331 1517 1384 iniqua;

414 1399 552 1441 Multa
573 1410 756 1455 movens
777 1400 947 1448 animo,
966 1402 1056 1452 jam
1072 1399 1250 1442 tandem
1267 1401 1481 1452 erumpit,
1502 1405 1546 1443 et
1562 1401 1676 1443 inter

413 1469 641 1511 Bellatoris
659 1470 759 1522 equi
780 1480 886 1511 cava
905 1471 1106 1522 tempora
1121 1469 1299 1520 conjicit
1324 1469 1507 1511 hastam.

411 1539 547 1580 Tollit
571 1551 616 1582 se
633 1539 856 1582 adrectum
879 1538 1150 1592 quadrupes,
1172 1543 1216 1581 et
1230 1538 1420 1581 calcibus
1436 1551 1563 1581 auras

414 1610 627 1652 Verberat
645 1641 654 1657 ‚
679 1609 951 1662 effusumque
972 1610 1164 1662 equitem
1184 1621 1313 1662 super
1331 1609 1342 1649 i
1350 1620 1421 1662 pse
1442 1613 1615 1652 secutus

413 1679 640 1733 Implicat,
664 1682 897 1732 ejectoque
913 1678 1128 1720 incumbit
1149 1689 1338 1721 cernuus
1354 1689 1491 1721 armo.

413 1749 614 1791 Clamore
631 1750 876 1791 incendunt
892 1750 1051 1791 coelum
1068 1747 1285 1801 Troesque
1306 1749 1550 1802 Latinique.

415 1820 605 1862 Advolat
622 1822 776 1862 AEneas
788 1852 798 1870 ,
820 1820 1066 1872 vaginaque
1083 1819 1213 1872 eripit
1233 1829 1404 1866 ensem,

414 1890 470 1928 Et
488 1898 617 1941 super
639 1884 733 1928 haee
752 1902 761 1926 :
783 1902 798 1924 a
818 1886 899 1927 Ubi
915 1896 1034 1928 nunc
1052 1887 1288 1928 Mezentius
1305 1898 1416 1933 acer,
1441 1886 1572 1929 etilla

416 1955 561 1999 Effera
582 1956 644 1998 vis
660 1956 821 1997 animi?
841 1972 857 1995 »
877 1957 1039 1997 Contra
1057 1955 1330 2007 Tyrrhenus,
1351 1958 1399 1996 ut
1415 1967 1540 1998 auras

416 2027 666 2080 Suspiciens
683 2024 1026 2070 hausitcoelum‚
1051 2027 1332 2077 mentemque
1359 2025 1550 2077 recepit:

422 2111 439 2133 <t
461 2095 607 2137 Hostis
625 2105 771 2136 amare
786 2128 795 2144 ,
816 2093 924 2147 quid
940 2094 1178 2146 increpitas
1194 2126 1201 2141 ,
1218 2098 1489 2147 mortemque
1509 2095 1716 2138 minaris?

420 2165 597 2207 Nullum
612 2164 656 2204 in
675 2164 794 2206 cfcde
810 2162 929 2206 nefas
947 2176 955 2199 τ
974 2174 1056 2205 nec
1072 2163 1134 2205 sic
1152 2163 1206 2204 ad
1225 2163 1372 2217 praelia
1393 2165 1518 2212 veni,

421 2237 511 2276 Nec
534 2236 679 2276 tecum
698 2245 820 2276 meus
838 2233 931 2275 haec
952 2233 1120 2287 pepigit
1138 2233 1244 2273 milui
1267 2232 1430 2276 foedera
1452 2237 1626 2277 Lausus.

425 2306 571 2344 Unum
590 2303 699 2351 hoc,
721 2314 813 2356 per,
841 2303 976 2355 siqua
995 2304 1060 2343 cst
1076 2302 1198 2344 victis
1222 2302 1345 2343 venia
1366 2301 1564 2345 hostibus
1584 2337 1591 2352 ‚
1615 2316 1690 2347 oro
1709 2321 1716 2351 ς

423 2378 588 2428 Corpus
608 2373 743 2414 humo
760 2374 927 2426 patiare
949 2371 1051 2424 tegi.
1074 2372 1171 2414 Scio
1192 2374 1347 2415 acerba
1366 2384 1567 2415 meorum

430 2445 724 2486 circumstare
743 2442 842 2485 odia
866 2459 874 2481 :
897 2441 1020 2484 hunc
1039 2474 1046 2491 ,
1068 2453 1172 2488 oro,
1197 2442 1382 2486 defende
1403 2441 1614 2491 [ΜΘΝ-ηις
