1917 2942
317 314 395 353 1⁴58
813 316 1071 355 AENEIDOS
1544 322 1620 361 654

323 401 378 438 Et
400 409 520 440 nune
540 398 838 452 nequidquam
858 396 969 441 fallis
985 431 995 450 ,
1019 399 1115 442 dea.
1140 400 1226 442 Sed
1246 404 1343 455 quis
1362 404 1552 457 Olympo

321 468 567 508 Demissam
585 469 729 508 tantos
746 466 887 509 voluit
905 470 946 510 te
963 467 1075 511 ferre
1093 470 1294 513 labores?

323 541 394 577 An
413 535 557 577 fratris
572 537 717 577 miseri
732 536 868 577 letum
887 541 937 578 ut
950 537 1129 580 crudele
1143 538 1315 582 videres
1327 540 1347 580 ‘s‘

325 608 438 649 Nam
454 606 560 660 quid
576 607 677 660 ago?
696 609 772 648 aut
791 618 885 658 quae
902 609 991 657 jam
1009 608 1200 661 spondet
1213 612 1408 652 Fortuna
1422 612 1634 654 salutem?

322 675 426 716 vidi
448 676 598 717 oculos
617 678 719 717 ante
735 677 827 729 ipse
847 687 968 718 meos
987 709 995 725 ‚
1027 688 1099 719 me
1124 689 1233 721 voce
1252 682 1482 722 vocantem
1502 711 1512 727 ‚

322 748 580 787 Murranum
599 777 608 793 ,
629 756 718 798 quo
737 756 831 786 non
851 752 1030 800 superat
1049 747 1155 789 mihi
1173 749 1319 791 carior
1338 749 1463 801 alter,

326 816 550 868 oppetere
570 815 794 866 ingentem
812 845 821 861 ,
845 818 973 868 atque
991 817 1160 870 ingenti
1177 818 1358 860 vulnere
1381 819 1564 862 victum,

325 882 499 925 Occidit
512 883 682 929 infelix,
703 896 760 926 ne
775 887 977 926 nostrum
994 884 1181 929 dedecus
1199 886 1335 930 Ufens

325 952 612 1007 Adspiceret3
635 954 791 996 Teucri
811 955 1042 1008 potiuntur
1059 966 1248 1008 corpore
1267 959 1312 999 et
1331 958 1477 1000 armis.

325 1023 590 1065 Exscindine
610 1023 790 1070 domos,
812 1024 857 1065 id
876 1024 1005 1066 rebus
1023 1023 1161 1067 defuit
1178 1037 1337 1074 unum.

326 1094 591 1146 Perpetiar?
606 1093 753 1136 dextra
775 1105 857 1137 nec
877 1096 1056 1137 Drancis
1077 1095 1194 1136 dicta
1212 1095 1408 1139 refellam
1423 1099 1443 1140 ‘s’

328 1166 469 1216 Terga
488 1163 630 1205 dabo?
651 1167 694 1207 et
711 1169 909 1206 Turnum
930 1164 1170 1217 fugientem
1193 1165 1286 1208 haec
1305 1169 1422 1209 terra
1441 1166 1635 1210 videbit?

330 1236 474 1287 Usque
496 1233 665 1276 adeone
687 1236 798 1275 mori
818 1236 1029 1277 miserum
1049 1236 1146 1277 est?
1168 1237 1256 1277 Vos
1278 1247 1304 1277 0
1324 1235 1448 1287 mihi,
1471 1239 1633 1285 Manes,

330 1305 433 1345 Este
450 1302 557 1344 boni
578 1304 815 1356 :quoniam
835 1304 1005 1356 superis
1028 1315 1181 1346 aversa
1201 1304 1417 1347 voluntas.

329 1375 488 1414 Sancta
509 1370 560 1413 ad
581 1383 659 1414 vos
673 1372 834 1421 anima,
855 1375 983 1426 atque
998 1373 1121 1415 istius
1137 1373 1275 1417 inscia
1292 1376 1431 1428 culpae
1477 1369 1631 1427 [mmm

330 1441 604 1484 Descendam
624 1472 634 1489 ,
657 1453 917 1492 magnorum
939 1443 1055 1484 haud
1079 1455 1272 1498 unquam
1302 1445 1511 1498 indignus
1530 1457 1634 1488 avo-

382 1512 464 1550 Vix
482 1521 534 1552 ea
550 1509 660 1552 fatus
677 1515 794 1559 erat3
816 1510 985 1554 medios
1001 1514 1143 1561 volat,
1168 1524 1271 1556 ecce
1289 1543 1299 1561 ,
1317 1525 1397 1567 per·
1411 1514 1558 1557 hostes

331 1583 495 1623 vectus
511 1592 624 1635 equo
642 1585 874 1636 spumante
894 1584 1043 1631 Saces,
1060 1581 1243 1625 adversa
1260 1584 1415 1638 sagitta

330 1652 511 1694 Saucius
532 1663 631 1696 ora,
657 1652 832 1706 ruitque
852 1652 1092 1705 implorans
1111 1654 1294 1697 nomine
1314 1658 1512 1696 Turnum
1534 1672 1545 1695 :

336 1737 353 1759 α
373 1725 520 1765 Turne
534 1752 544 1772 ‚
562 1723 609 1763 in
629 1725 672 1764 te
687 1733 887 1774 suprema
911 1723 1052 1770 salus;
1075 1724 1282 1766 miserere
1303 1726 1494 1770 tuorum.

331 1793 558 1834 Fulminat
572 1795 728 1834 AEneas
748 1792 880 1833 armis
900 1823 909 1840 ,
929 1803 1208 1846 summasque
1225 1793 1422 1836 minatur

335 1864 623 1914 Dejecturum
643 1872 763 1903 arces
781 1861 937 1902 Italum
957 1894 966 1909 ,
989 1861 1247 1915 excidioque
1267 1863 1476 1905 daturum
1495 1880 1506 1912 ;

334 1936 524 1987 Jamque
545 1932 658 1975 faces
674 1932 728 1973 ad
743 1934 858 1975 tecta
874 1932 1036 1973 volant.
1057 1935 1108 1975 In
1123 1936 1166 1975 te
1181 1944 1257 1974 ora
1279 1934 1446 1982 Latini,

334 2005 387 2044 ln
409 2007 451 2045 te
468 2003 620 2044 oculos
638 1999 856 2049 referunt;
876 2004 1041 2043 mussat
1054 2013 1130 2043 rex
1150 2001 1242 2056 ipse
1262 2003 1442 2044 Latinus
1457 2034 1467 2050 ,

335 2077 454 2124 Quos
474 2083 663 2125 generos
686 2075 815 2113 vocet
833 2102 841 2117 ,
862 2073 940 2112 ant
959 2082 1054 2123 quae
1071 2082 1165 2114 sese
1185 2070 1239 2113 ad
1261 2071 1422 2115 foedera
1438 2069 1600 2114 flectat.

335 2145 557 2185 Praeterea
574 2143 750 2194 regina,
772 2141 837 2183 tui
858 2138 1063 2183 fidissima
1082 2171 1091 2188 ,
1112 2140 1264 2183 dextra

337 2213 512 2256 Occidit
529 2214 623 2268 ipsa
637 2223 737 2259 sua,
758 2212 990 2265 lucemque
1013 2212 1218 2254 exterrita
1239 2210 1365 2264 fugit.

336 2285 424 2326 Soli
445 2296 527 2338 pro
541 2285 680 2337 portis
704 2286 925 2338 Messapus
945 2284 989 2325 et
1005 2286 1119 2325 Acer
1139 2284 1289 2325 Atinas

337 2356 591 2397 sustentant
606 2353 758 2396 aciem.
782 2354 956 2395 Circum
969 2353 1050 2395 hos
1067 2353 1274 2406 utrinque
1289 2352 1524 2407 phalanges

339 2428 464 2469 Stant
483 2425 655 2475 densae,
679 2424 926 2478 strictisque
944 2435 1064 2478 seges
1085 2423 1369 2468 mucronibus
1388 2424 1538 2467 horret
