1917 2942
351 363 401 401 82
839 359 1166 399 GEORGICON
1590 359 1659 397 198

350 450 405 487 Et
422 446 597 499 qualem
618 443 765 487 infelix
780 445 925 486 an'iisit
945 446 1124 485 Mantua
1139 453 1367 497 eampum,

352 517 611 558 Pascentem
629 516 781 557 niveos
797 514 988 557 herboso
1011 514 1188 555 [lumine
1208 524 1395 565 cycnos;

355 588 455 628 Non
477 585 630 638 liquidi
650 586 854 638 gregibus
872 585 1016 627 sontes
1034 619 1042 633 ,
1060 596 1153 626 non
1173 585 1373 638 gramina
1393 584 1580 626 deerunt
1599 602 1607 627 z

352 661 406 698 Et
419 658 636 710 quantum
654 656 801 708 longis
816 659 1001 710 carpent
1019 661 1217 698 armenta
1236 655 1387 698 diebus
1403 686 1410 700 ,

354 729 517 781 Exigua
534 730 708 769 tantum
729 728 899 780 gelidus
913 734 986 770 ros
1001 731 1133 770 nocte
1151 730 1351 780 reponet,

355 796 488 848 Nigra
504 794 593 838 fere
612 798 655 836 et
673 807 825 848 presso
842 797 1019 849 pinguis
1037 796 1116 836 sub
1137 806 1319 837 vomere
1338 798 1454 836 terra
1471 826 1479 841 ,

354 869 409 906 Et
425 867 496 907 eui
517 869 645 919 putre
660 865 804 906 solum
824 871 1034 917 <namque
1061 864 1148 905 hoe
1171 864 1397 904 imitamur
1417 863 1583 904 arando
1602 865 1615 913 l
1636 893 1644 907 .

357 936 537 991 Optima
558 932 790 976 frumentis
814 949 823 973 ε
845 945 935 974 non
958 934 1051 974 ullo
1072 945 1123 975 ex
1140 944 1318 986 aequore
1343 944 1498 975 cernes

357 1006 488 1047 Plura
506 1004 687 1045 domum
711 1002 843 1044 tardis
860 1002 1076 1045 decedere
1091 1002 1284 1055 plaustra
1294 1003 1493 1052 juvencis
1517 1017 1525 1039 ι

359 1077 470 1121 Aut,
489 1072 609 1116 unde
624 1074 758 1114 iratus
780 1073 937 1114 silvam
957 1071 1133 1115 devexit
1151 1075 1312 1120 arator,

359 1146 415 1184 Et
431 1153 614 1185 nemora
633 1143 791 1184 evertit
804 1141 966 1183 multos
986 1141 1144 1193 ignava
1161 1152 1240 1194 per
1257 1150 1394 1182 annos
1410 1170 1419 1184 ‚

361 1214 662 1266 Antiquasque
683 1203 837 1254 domos
857 1211 1003 1253 avium
1019 1222 1121 1252 cum
1140 1211 1350 1264 stirpibus
1364 1211 1462 1251 imis

362 1283 488 1324 Eruit
509 1299 519 1323 ι
540 1282 624 1324 illae
641 1283 780 1324 altum
793 1281 907 1323 nidis
927 1281 1094 1335 petiere
1114 1281 1305 1329 relictis;

362 1355 418 1394 At
434 1352 556 1394 rudis
573 1352 735 1394 enituit
750 1352 942 1405 impulso
959 1361 1138 1393 vomere
1160 1362 1359 1405 campus.

363 1426 470 1464 Nam
484 1423 637 1473 jejuna
656 1420 835 1475 quidem
855 1420 1008 1463 clivosi
1028 1422 1176 1473 glarea
1196 1421 1308 1462 ruris

362 1494 441 1532 Vix
458 1491 646 1532 humiles
666 1490 820 1544 apibus
839 1490 975 1532 casias
993 1500 1232 1543 roremque
1246 1490 1492 1536 ministrat;

362 1564 420 1602 Et
435 1560 593 1615 tophus
606 1560 772 1609 scaber,
789 1562 835 1602 et
853 1559 987 1612 nigris
1003 1570 1128 1601 exesa
1144 1558 1364 1612 chelydris

364 1634 518 1678 Creta,
540 1633 707 1683 negant
732 1630 841 1672 alios
862 1640 986 1682 aeque
1005 1628 1279 1682 serpentibus
1298 1640 1426 1682 agros

361 1700 548 1741 Dulcem
564 1697 680 1740 ferre
695 1696 842 1740 cibum
871 1700 916 1740 et
931 1708 1087 1740 curvas
1114 1698 1310 1749 praebere
1326 1696 1534 1738 latebras.

365 1773 471 1821 Quae
501 1772 680 1812 tenuem
699 1768 868 1810 exhalat
886 1768 1093 1811 nebulam
1112 1767 1341 1820 fumosque
1360 1767 1587 1816 volueres,

366 1841 420 1880 Et
434 1838 545 1879 bibit
558 1837 817 1896 humorem,
841 1839 911 1885 et,
933 1848 1071 1889 quum
1089 1837 1201 1885 vult,
1223 1848 1274 1880 ex
1287 1848 1332 1879 se
1353 1837 1449 1889 ipsa
1466 1835 1648 1876 remittit
1669 1851 1678 1880 ς

365 1911 561 1960 Quaeque
576 1917 657 1948 suo
671 1905 801 1947 viridi
817 1916 990 1959 semper
1007 1917 1053 1947 se
1073 1907 1271 1958 gramine
1289 1905 1442 1951 vestit,

367 1978 457 2019 Nec
471 1975 614 2018 scabie
633 1977 677 2017 et
691 1976 801 2016 salsa
819 1973 942 2016 laedit
955 1974 1162 2025 rubigine
1180 1972 1348 2015 ferrum
1367 1990 1376 2012 :

369 2048 451 2089 Illa
470 2046 547 2087 tibi
569 2046 679 2087 laetis
694 2045 860 2087 intexet
878 2044 1040 2087 vitibus
1060 2043 1227 2092 ulmos3

368 2116 448 2157 llla
467 2115 584 2157 ferax
609 2114 708 2156 oleo
727 2117 815 2162 est;
846 2114 968 2155 illam
982 2112 1207 2167 experiere
1227 2112 1416 2155 colendo

370 2187 424 2225 Et
441 2182 612 2226 facilem
634 2183 809 2237 pecori,
832 2185 876 2223 et
894 2183 1137 2237 patientem
1156 2183 1347 2224 vomeris
1366 2182 1470 2223 unci
1492 2197 1500 2220 :

371 2256 521 2297 Talem
538 2254 657 2297 dives
675 2256 768 2295 arat
783 2257 930 2309 Capua
948 2286 956 2301 ,
981 2256 1024 2295 et
1037 2252 1186 2295 vicina
1204 2255 1372 2295 Vesevo

376 2329 463 2367 Ora
477 2327 581 2378 jugo
599 2356 608 2373 ,
628 2326 672 2367 et
689 2325 840 2367 vacuis
862 2323 1040 2364 Clanius
1055 2333 1148 2364 non
1165 2333 1313 2375 aequus
1337 2321 1525 2363 Acerris.

428 2397 464 2436 N
469 2407 573 2442 une,
588 2405 674 2448 quo
691 2404 910 2447 quamque
928 2392 1063 2433 modo
1076 2392 1213 2444 possis
1226 2401 1511 2444 cognoscere,
1528 2389 1684 2433 dicam.

376 2469 490 2507 Rara
511 2467 566 2507 sit
585 2476 639 2506 au
656 2474 787 2517 supra
807 2474 976 2505 rnorem
995 2462 1029 2504 si
1047 2461 1181 2504 densa
1197 2462 1391 2514 requiras
1414 2478 1423 2501 :
