1917 2942
388 329 436 368 40
882 328 950 366 BD
960 328 1159 367 COLICA
1170 354 1179 364 .
1640 324 1682 361 47

376 414 467 455 Ah!
484 414 609 465 virgo
625 411 795 460 infelix,
816 424 911 466 quae
926 415 970 455 te
986 411 1208 456 dementia
1223 409 1338 462 cepit
1356 411 1364 449 Ε

378 481 592 524 Proetides
612 481 852 536 implerunt
868 480 984 524 falsis
999 480 1238 534 mugitibus
1256 488 1380 531 agros
1399 494 1408 517 ι

377 554 436 592 At
452 562 541 593 non
561 552 651 592 tam
669 554 821 604 turpes
837 550 1060 603 pecudum
1079 552 1228 590 tamen
1242 548 1330 589 ulla
1358 548 1507 589 secuta
1527 547 1591 587 est

376 620 644 662 Concubitus
657 649 668 670 ,
687 618 884 673 quamvis
903 619 1018 661 collo
1038 619 1256 660 timuisset
1277 617 1471 674 aratrum
1489 646 1498 661 ‚

376 692 432 729 Et
449 700 563 743 saepe
579 689 622 729 in
639 688 725 732 levi
746 690 973 741 quaesisset
991 699 1161 730 cornua
1179 686 1341 727 fronte.

377 758 444 800 Ah
461 790 471 807 ‚
488 759 613 810 virgo
629 758 802 801 infelix!
823 761 870 799 tu
885 759 1068 800 nuncin
1085 757 1309 798 montibus
1329 764 1446 797 erras
1465 770 1475 793 ι

376 826 455 869 Ille
475 859 482 871 ,
503 828 613 868 latus
628 826 811 869 niveum
824 827 946 868 molli
964 825 1104 869 fultus
1121 824 1364 877 hyacintho
1384 853 1393 867 .

373 885 480 938 Ilice
493 898 574 939 sub
594 897 724 948 nigra
736 895 951 950 pallentes
971 896 1168 936 ruminat
1184 893 1363 939 herbas,

351 1019 353 1021 ῃ
376 968 465 1006 Aut
484 967 675 1018 aliquam
692 967 738 1006 in
758 976 920 1017 magno
937 965 1136 1018 sequitur
1151 976 1299 1017 grege.
1317 966 1684 1019 Claudite,Ny1n-

375 1035 550 1076 Dictaeae
571 1035 607 1074 N
615 1034 802 1088 ymphae,
823 1045 1059 1076 nemorum
1074 1036 1165 1086 jam
1179 1033 1368 1077 claudite
1383 1035 1532 1085 saltus;
1556 1036 1682 1090 [pliae,

375 1103 419 1143 Si
443 1113 528 1155 qua
549 1100 658 1144 forte
676 1103 818 1145 serant
832 1103 970 1144 oculis
993 1113 1087 1145 sese
1106 1102 1237 1144 obvia
1249 1105 1409 1146 nostris

376 1171 633 1213 Errabunda
652 1170 776 1213 bovis
792 1171 1001 1223 vestigia;
1019 1168 1201 1212 forsitan
1219 1171 1357 1219 illum,

376 1242 466 1281 Aut
483 1241 620 1283 herba
635 1243 814 1296 captum
831 1239 961 1283 viridi
979 1272 987 1287 ,
1010 1242 1085 1282 aut
1112 1243 1311 1284 armenta
1326 1245 1526 1285 secutum
1543 1277 1552 1291 ‚

377 1311 631 1353 Perducant
648 1311 803 1365 aliquae
821 1310 991 1352 stabula
1010 1309 1063 1352 ad
1080 1311 1296 1362 Gortynia
1311 1323 1472 1354 vaccae.

376 1383 485 1420 Tum
502 1380 620 1421 canit
633 1380 927 1432 Hesperidum
942 1378 1145 1420 miratam
1162 1379 1275 1421 mala
1293 1381 1485 1433 puellam
1516 1398 1525 1420 :

432 1452 542 1490 Tum
565 1447 936 1491 Phaethontiadas
954 1459 1107 1490 musco
1127 1448 1373 1491 circumdat
1396 1461 1554 1491 amara>

377 1517 580 1563 corticis,
600 1518 729 1570 atque
747 1517 840 1558 solo
856 1526 1061 1569 proceras
1083 1516 1213 1569 erigit
1225 1518 1362 1559 alnos.

373 1589 484 1626 Tum
498 1586 619 1627 canit
643 1588 865 1627 errantem
881 1586 1097 1628 Permessi
1117 1584 1173 1627 ad
1192 1584 1374 1627 flumina
1395 1586 1576 1628 Gallum

376 1658 528 1696 Aonas
545 1655 592 1695 in
611 1657 786 1697 montes
805 1658 855 1696 ut
868 1654 1040 1696 duxerit
1059 1666 1148 1696 una
1170 1665 1373 1698 sororum
1393 1672 1402 1704 ;

377 1726 520 1776 thue
539 1724 635 1765 viro
654 1723 809 1766 Phoebi
828 1724 988 1766 chorus
1003 1723 1293 1766 adsurrexerit
1309 1725 1475 1774 omnis;

376 1795 435 1833 Ut
454 1795 587 1835 Linus
601 1791 697 1835 haec
723 1793 786 1835 illi
805 1794 955 1837 divino
973 1795 1167 1837 carmine
1186 1797 1350 1849 pastor,

376 1862 575 1905 Floribus
596 1864 726 1916 atque
749 1864 850 1917 apio
870 1864 1013 1905 crines
1030 1865 1207 1906 ornatus
1224 1875 1374 1906 amaro
1393 1895 1402 1911 ,

376 1933 571 1976 Dixerit:
593 1935 683 1975 Hos
705 1933 783 1974 tibi
803 1932 911 1974 dant
928 1932 1118 1976 calamos
1138 1965 1146 1982 ,
1164 1944 1219 1975 en
1243 1934 1418 1988 accipe,
1446 1937 1576 1976 Musae
1593 1964 1603 1984 ,

378 2007 555 2045 Ascraeo
570 2014 679 2056 quos
696 2005 796 2045 ante
826 2002 916 2045 seni
932 2019 943 2051 ς
960 2003 1115 2056 quibus
1138 2003 1211 2044 ille
1230 2003 1399 2045 solebat

377 2072 607 2114 Cantando
624 2072 788 2126 rigidas
810 2071 1029 2114 deducere
1046 2072 1272 2114 montibus
1300 2081 1450 2114 ornos.

377 2141 456 2183 His
478 2143 557 2184 tibi
575 2143 741 2193 Grynei
759 2142 955 2184 nemoris
971 2141 1142 2184 dicatur
1162 2142 1286 2193 origo
1307 2172 1317 2190 ,

380 2214 445 2255 Ne
466 2213 562 2267 quis
577 2214 633 2254 sit
651 2213 798 2261 lucuS,
821 2224 909 2266 quo
927 2223 973 2254 se
991 2213 1087 2266 plus
1095 2214 1232 2265 jactet
1246 2213 1423 2267 Apollo.

430 2282 547 2333 Quid
564 2283 733 2336 loquar,
750 2285 801 2326 ut
814 2284 1001 2336 Scyllam
1016 2284 1121 2331 Nisi,
1140 2294 1272 2336 quam
1293 2281 1407 2325 fama
1427 2281 1575 2324 secuta
1596 2282 1659 2322 est
1675 2311 1687 2326 r

378 2352 574 2394 Candida
591 2353 863 2395 succinctam
881 2352 1142 2394 latrantibus
1159 2352 1340 2404 inguina
1356 2349 1576 2396 monstris,

379 2420 598 2464 Dulichias
614 2433 786 2465 vexasse
810 2424 921 2464 rates
941 2452 953 2470 ,
978 2426 1020 2463 et
1034 2422 1203 2474 gurgite
1220 2422 1264 2463 in
1285 2422 1372 2462 alto
