1917 2942
292 314 370 353 523
812 312 977 351 LIBER
1005 312 1073 351 lV.
1515 313 1538 350 2

293 404 491 453 Corpora
508 410 587 454 per
608 400 766 445 terras,
792 399 999 450 silvaeque
1017 401 1062 440 et
1075 408 1187 440 saeva
1208 398 1412 452 quierant

294 474 485 523 AEquora
501 486 512 518 ;
534 480 671 523 quum
689 469 835 511 medio
852 468 1095 511 volvuntur
1108 468 1252 511 sidera
1265 469 1414 523 lapsu,

294 543 440 590 Quum
460 540 573 581 tacet
593 540 736 580 omnis
756 548 874 591 ager,
896 536 1111 590 pecudes,
1132 538 1349 591 pictaeque
1360 540 1562 582 volucres
1584 571 1594 585 ,

293 612 488 661 Quaeque
501 608 620 649 lacus
638 607 724 648 late
749 606 940 660 liquidos
958 617 1166 659 ,quaeque
1183 618 1336 662 aspera
1353 606 1499 649 dumis

295 681 413 718 Rura
432 678 607 722 tenent,
627 686 783 717 somno
801 677 954 729 positae
974 677 1052 718 sub
1069 677 1199 719 nocte
1214 676 1362 718 silenti

296 748 313 796 ('
330 746 547 789 Lenibant
562 758 709 795 curas,
731 749 775 788 et
793 747 926 789 corda
947 746 1082 788 oblita
1100 746 1339 797 laborum).

295 818 355 856 At
373 827 465 857 non
484 814 633 857 infelix
649 816 783 856 animi
800 815 1052 868 Phoenissa3
1080 827 1223 870 neque
1241 827 1440 871 unquam

295 886 489 928 Solvitur
501 886 549 927 in
564 895 744 926 somnos
760 915 769 931 ‚
790 884 982 927 oculisve
1001 887 1076 926 aut
1092 885 1272 939 pectore
1285 887 1465 929 noctem

296 955 475 1010 Adcipit
487 972 495 995 :
508 955 786 1007 ingeminant
799 964 937 1001 curae3
954 966 1191 1008 rursusque
1207 967 1442 1008 resurgens

294 1028 427 1068 Saevit
440 1037 578 1074 amor,
600 1036 850 1079 magnoque
865 1025 1031 1067 irarum
1050 1022 1234 1067 fluctuat
1249 1031 1375 1069 aestu.

293 1096 365 1137 Sic
385 1096 496 1138 adeo
517 1095 706 1141 insistit,
726 1105 960 1148 secumque
976 1096 1037 1136 ita
1049 1096 1183 1138 corde
1198 1096 1371 1139 volutat
1389 1113 1400 1138 :

354 1181 370 1201 ιι
393 1169 485 1213 En,
507 1163 614 1219 quid
629 1165 737 1216 ago?
753 1175 961 1206 rursusne
980 1176 1139 1218 procos
1156 1167 1287 1208 irrisa
1305 1167 1476 1221 priores

300 1234 507 1288 Experiar
524 1235 543 1275 ,⁹
565 1233 903 1287 Nomadumque
921 1235 1069 1286 petam
1086 1235 1312 1276 connubia
1328 1240 1510 1291 supplex
1525 1270 1534 1285 ,

299 1308 417 1355 Quos
433 1315 515 1357 ego
530 1304 613 1346 sim
630 1304 757 1346 toties
768 1305 861 1355 jam
876 1302 1108 1355 dedignata
1123 1305 1306 1346 maritos
1317 1307 1337 1346 ⁴?

297 1377 449 1418 Iliacas
465 1376 600 1428 igitur
615 1374 774 1416 classes
792 1404 801 1421 ,
820 1377 950 1427 atque
969 1373 1128 1416 ultima
1144 1375 1366 1418 Teucrum

300 1449 325 1486 J
332 1457 452 1492 ussa,
472 1456 630 1497 sequar
645 1446 665 1484 2>
687 1443 849 1498 quiane
867 1444 1026 1485 auxilio
1040 1444 1165 1495 juvat
1181 1448 1282 1488 ante
1303 1445 1493 1495 levatos,

303 1515 518 1558 Autbene
540 1514 658 1569 apud
679 1524 896 1556 memores
916 1513 1079 1556 veteris
1099 1517 1185 1557 stat
1203 1517 1340 1567 gratia
1355 1515 1486 1560 facti?

304 1586 412 1636 Quis
427 1597 499 1628 me
516 1589 677 1636 autem,
708 1583 778 1626 fac
791 1584 922 1634 velle,
953 1584 1097 1625 sinet?
1112 1584 1340 1628 ratibusve
1359 1590 1558 1643 superbis

301 1656 495 1696 Invisam
510 1654 731 1708 adcipiet?
752 1655 787 1693 N
795 1655 917 1700 escis,
935 1653 1045 1695 heu!
1064 1653 1253 1708 perdita,
1274 1656 1469 1700 necdum

303 1723 643 1766 Laomedonteae
659 1722 793 1765 sentis
809 1722 999 1775 perjuria
1019 1723 1192 1775 gentis?

305 1793 423 1844 Quid
440 1794 564 1834 tum?
584 1792 672 1835 sola
692 1792 795 1844 fuga
807 1794 962 1833 nautas
977 1792 1221 1835 comitabor
1237 1800 1419 1838 ovantes
1431 1798 1450 1836 ?

305 1869 399 1910 An,
417 1864 561 1916 Tyriis
580 1864 789 1916 omnique
802 1874 935 1905 manu
952 1863 1111 1916 stipata
1129 1874 1345 1912 meorum.

305 1933 505 1976 Inierar?
525 1936 589 1979 et,
611 1944 721 1987 quos
738 1932 919 1974 Sidonia
933 1933 1002 1973 vix
1018 1932 1126 1974 urbe
1143 1933 1294 1976 revelli
1311 1966 1321 1982 ,

308 2007 475 2046 Rursus
495 2014 622 2057 agam
636 2003 814 2056 pelage,
838 2004 882 2044 et
896 2001 1036 2044 ventis
1052 2001 1155 2043 dare
1169 2003 1268 2045 vela
1278 2003 1445 2054 jubebo
1460 2006 1480 2046 Ρ

311 2074 428 2124 Quin
447 2084 647 2123 morere,
673 2072 893 2114 utmerita
921 2082 988 2119 es3
1012 2070 1215 2126 ferroque
1230 2076 1379 2118 averte
1397 2074 1614 2121 dolorem.

311 2147 377 2184 Tu
393 2173 402 2190 ,
421 2145 626 2194 lacrymis
646 2143 786 2185 evicta
802 2143 934 2190 meis,
957 2143 1003 2183 tu
1018 2144 1160 2194 prima
1175 2141 1394 2187 furentem

316 2216 392 2256 His
407 2246 417 2262 ,
440 2225 675 2266 germana,
697 2214 821 2256 malis
849 2223 1008 2256 oneras
1027 2246 1036 2262 ,
1054 2216 1186 2267 atque
1205 2215 1361 2268 obJ'icis
1378 2216 1510 2261 hosti.

314 2287 413 2326 Non
431 2283 557 2326 licuit
578 2283 753 2325 thalami
773 2285 996 2337 expertem
1013 2283 1108 2325 sine
1123 2285 1312 2326 crimine
1327 2287 1461 2330 vitam

320 2361 488 2406 Degere
516 2365 638 2398 more
659 2355 759 2398 ferae
772 2387 782 2401 ‚
806 2354 912 2397 tales
926 2365 1009 2398 nec
1025 2357 1201 2408 tangere
1220 2363 1370 2400 curas!

319 2427 417 2464 Non
438 2427 609 2466 servata
630 2423 733 2467 tides
761 2424 897 2467 cineri
916 2425 1131 2477 promissa
1146 2424 1350 2477 syehaeoz
1376 2443 1392 2463 u

1366 2518 1414 2555 15

1542 312 1566 350 01

1569 312 1592 350 01
