1917 2942
367 313 416 352 36
861 314 1186 355 GEORGICON
1598 321 1641 358 5⁴
1654 319 1677 356 S

366 399 627 440 Conci-etam
641 399 808 451 patitur
828 398 1022 441 radicem
1043 399 1234 454 adfigere
1257 404 1401 444 terrm..

365 468 544 521 Optima
557 468 717 510 vinetis
734 468 845 510 satio
863 502 871 515 ‚
895 481 1029 522 quum
1044 482 1147 514 vere
1163 473 1340 514 rubenti

366 536 564 586 Candida
578 538 701 579 venit
720 539 836 586 avis,
858 539 1004 592 longis
1021 541 1162 582 invisa
1181 541 1398 588 colubris;

367 608 515 648 Prima
532 609 602 649 vel
619 608 820 649 autumni
840 610 921 651 sub
942 609 1131 662 frigora,
1152 623 1290 663 quum
1310 611 1487 667 rapidus
1509 615 1582 654 Sol

367 676 578 718 Nondum
592 676 786 721 hiemem
807 680 1029 732 contingit
1045 682 1166 732 equis
1183 713 1192 728 ‚
1210 683 1302 732 jam
1322 682 1522 734 praeterit
1538 686 1677 725 aestas.

364 749 451 787 Ver
470 745 580 787 adeo
598 745 745 787 frondi
763 758 996 789 nemorum
1016 779 1026 798 ‚
1047 759 1126 791 ver
1140 750 1248 791 utile
1266 749 1384 791 silvis
1403 767 1412 790 :

365 819 476 858 Vere
494 818 666 859 tument
683 819 810 859 terras
829 849 838 863 ‚
863 823 907 860 et
924 819 1132 871 genitalia
1154 821 1321 862 semina
1343 824 1544 873 poscunt.

365 888 477 927 Tum
493 888 617 939 pater
631 887 914 940 omnipotens
933 886 1131 930 fecundis
1147 888 1360 932 imbribus
1376 889 1523 932 AEther

366 956 579 1007 conjugis
596 956 643 996 in
655 956 872 1008 gremium
891 958 1001 999 laetae
1017 957 1245 1000 descendit
1262 975 1272 1007 3
1293 962 1336 1002 et
1357 970 1510 1002 omnes

366 1028 550 1078 Magnus
571 1026 669 1073 alit,
696 1037 856 1078 magno
877 1027 1137 1069 commixtus
1156 1039 1367 1081 corpore,
1390 1027 1519 1071 fetus.

367 1096 475 1137 Avia
500 1098 593 1136 tum
608 1101 821 1138 resonant
839 1098 991 1139 avibus
1006 1098 1197 1151 virgulta
1215 1099 1411 1147 canoris,

364 1167 419 1204 Et
434 1175 644 1208 venerem
663 1168 797 1209 certis
814 1170 1023 1222 repetunt
1041 1169 1239 1210 armenta
1258 1167 1425 1210 diebus.

365 1237 563 1277 Parturit
577 1236 716 1279 almus
733 1248 858 1290 agen
882 1237 1158 1290 Zephyrique
1177 1238 1426 1291 tepentibus
1445 1237 1562 1280 auris

365 1306 530 1347 Laxant
549 1317 651 1348 arva
666 1307 786 1348 sinus
800 1323 809 1354 3
827 1311 1005 1360 superat
1020 1309 1146 1349 tener
1166 1307 1370 1350 omnibus
1386 1307 1570 1355 humor3

365 1379 505 1430 Inque
523 1387 662 1418 novos
678 1377 790 1419 soles
805 1376 970 1419 audent
984 1388 1028 1419 se
1047 1378 1246 1429 gramina
1265 1380 1361 1421 tuto

366 1445 553 1488 Credere
572 1461 583 1493 ς
603 1456 687 1489 neo
702 1447 863 1488 metuit
879 1447 1108 1500 surgentes
1126 1446 1357 1501 pampinus
1371 1449 1555 1490 Austros
1573 1480 1582 1496 ‚

366 1518 457 1556 Aut
474 1519 623 1557 aetum
637 1515 749 1558 coelo
767 1516 939 1568 magnis
962 1516 1254 1568 Aquilonibus
1273 1516 1484 1564 imbrem;

366 1584 453 1627 Sed
468 1584 606 1627 trudit
621 1596 838 1638 gemmas.
857 1586 901 1627 et
924 1583 1102 1627 frondes
1119 1585 1306 1639 explicat
1325 1596 1495 1629 omnes.

366 1655 469 1694 Non
488 1653 594 1695 alios
609 1655 750 1708 prima
771 1655 1009 1696 crescentis
1028 1654 1200 1706 origine
1220 1654 1374 1695 mundi

362 1721 560 1765 Illuxisse
576 1723 692 1771 dies,
717 1721 907 1766 aliumve
925 1723 1127 1765 babuisse
1149 1725 1350 1766 tenorem

365 1791 637 1834 Crediderim
657 1809 666 1833 t
690 1804 766 1835 ver
784 1792 892 1834 illud
915 1794 1035 1840 erat3
1064 1803 1142 1834 ver
1162 1803 1347 1846 magnus
1365 1795 1522 1846 agebat

367 1862 498 1904 Orbis
518 1893 526 1910 ,
543 1864 587 1905 et
603 1863 801 1905 hibernis
822 1863 1065 1917 parcebant
1085 1860 1255 1905 flatibus
1273 1863 1379 1904 Euri
1400 1881 1409 1903 :

363 1936 510 1982 Quum
532 1933 686 1988 primae
706 1936 849 1976 lucem
872 1933 1062 1986 pecudes
1081 1932 1288 1982 hausere,
1311 1935 1546 1988 virumque

365 2005 524 2045 Ferrea
540 2004 775 2056 progenies
792 2003 912 2044 duris
931 2005 1065 2056 caput
1084 2003 1239 2044 extulit
1257 2005 1371 2045 arvis
1389 2035 1398 2053 ‚

365 2073 663 2126 Immissaeque
680 2071 781 2115 ferae
798 2073 940 2119 silvis,
965 2076 1007 2114 et
1029 2071 1173 2114 sidera
1189 2073 1317 2114 coelo.

363 2145 451 2184 Nec
470 2153 540 2183 res
554 2141 675 2184 hunc
695 2146 854 2184 teneras
874 2147 1056 2195 possent
1070 2141 1265 2196 perferre
1285 2141 1503 2188 laborem,

362 2212 405 2251 Si
428 2222 518 2252 non
539 2212 658 2252 tanta
679 2213 801 2264 quies
820 2212 898 2254 iret
922 2209 1142 2265 frigusque
1160 2212 1437 2264 caloremque

365 2283 499 2331 Inter,
522 2285 565 2325 et
580 2283 801 2336 exciperet
819 2284 915 2325 eceli
934 2282 1210 2335 indulgentia
1233 2287 1384 2325 terras.

417 2352 543 2401 Quod
554 2357 1046 2405 superest‚quae0unque
1059 2363 1230 2406 premes
1242 2351 1431 2404 virgulta
1445 2361 1521 2405 per
1533 2361 1673 2401 agros,

361 2423 522 2473 Sparge
542 2418 642 2462 fimo
663 2422 812 2474 pingui
830 2454 836 2469 ,
856 2426 895 2462 el
917 2421 1052 2463 multa
1076 2420 1410 2462 iuemorooeule
1432 2422 1566 2467 terrm
