1917 2942
336 349 413 387 ⁴¹2
814 354 1147 393 GEORGICON
1565 359 1647 398 ’528

321 417 582 475 ’ΪῑῑὈιῑᾶίΙῡιῑΒ
601 437 645 476 et
663 435 782 477 victu
800 438 1041 489 pascuntur
1059 437 1268 490 simplicis
1287 439 1461 487 herbae3

334 503 500 544 Pocula
519 505 621 544 sunt
638 502 784 544 fontes
799 504 952 558 liquidi
970 536 984 555 ‚
1004 506 1134 557 ate‘lue
1148 507 1339 549 exercita
1358 519 1487 550 cursu

330 571 558 616 Flumina,
577 582 662 614 nec
678 582 857 614 somnos
877 572 1101 628 abrumpit
1128 586 1234 617 cura
1252 577 1462 619 salubres.

333 641 553 693 Tempore
565 650 659 682 non
676 640 761 682 alio
781 641 939 682 dicunt
957 642 1213 694 regionibus
1231 644 1317 685 illis

332 707 545 756 Quaesitas
564 707 619 750 ad
639 719 762 751 sacra
782 709 915 753 boves
934 713 958 751 J
964 712 1149 763 unonis,
1168 713 1212 754 et
1227 714 1318 754 uris

330 777 579 831 imparibus
598 776 754 821 ductos
774 780 859 821 alta
877 780 933 821 ad
949 780 1133 822 donaria
1153 793 1324 824 currus.

330 848 449 898 Ergo
475 858 589 899 tegre
603 849 754 889 rastris
773 850 935 890 terram
950 850 1183 901 rimantur,
1206 854 1250 892 et
1270 851 1373 906 ipsis

336 917 566 970 Unguibus
582 917 808 960 infodiunt
823 918 969 972 fruges
983 953 992 966 ,
1015 923 1277 974 montesque
1299 935 1376 977 per
1395 926 1504 966 altos

335 988 554 1028 Contenta
574 989 749 1030 cervice
768 987 949 1029 trabunt
966 989 1201 1030 stridentia
1220 992 1429 1045 plaustra.

331 1055 367 1093 N
371 1065 430 1094 on
446 1055 574 1108 lupus
595 1046 774 1098 insidias
790 1058 988 1110 explorat
1003 1058 1135 1100 ovilia
1156 1060 1324 1101 circuni
1342 1092 1351 1109 ‚

333 1127 422 1166 Nec
443 1126 647 1178 gregibus
669 1130 911 1169 nocturnus
929 1128 1210 1170 obambulat:
1229 1129 1370 1171 acrior
1386 1129 1510 1172 illum

333 1195 447 1233 Cura
464 1191 631 1234 domat.
652 1193 812 1234 Timidi
833 1193 973 1235 damae
993 1196 1198 1248 cervique
1215 1196 1393 1250 fugaces

337 1261 371 1299 N
380 1272 466 1303 unc
485 1262 689 1315 interque
706 1273 837 1305 canes
853 1266 897 1306 et
911 1264 1081 1306 circum
1101 1269 1214 1307 tecta
1228 1269 1462 1319 vagantur.

335 1333 359 1369 J
365 1340 435 1370 am
453 1331 585 1371 maris
604 1330 810 1373 immensi
829 1334 1014 1385 prolem,
1039 1336 1082 1375 et
1101 1346 1239 1387 genus
1256 1347 1387 1379 omne
1402 1342 1653 1387 natantum,

341 1399 489 1440 Litore
510 1399 556 1439 iu
574 1402 796 1450 extremo,
831 1413 912 1444 ceu
930 1402 1144 1456 naufraga
1160 1416 1369 1459 corpora,
1396 1405 1552 1451 fluctus

339 1467 509 1509 Proluit
528 1484 537 1507 ι
561 1468 751 1510 insolitae
768 1467 944 1522 fugiunt
964 1471 1010 1512 in
1033 1471 1215 1514 flumina
1229 1474 1399 1528 phocae.

339 1539 499 1581 Interit
518 1542 562 1580 et
575 1540 722 1580 curvis
739 1538 897 1582 frustra
915 1540 1096 1584 defensa
1113 1544 1291 1587 latebris

338 1609 511 1661 Vipera,
533 1612 577 1651 et
593 1608 782 1651 adtoniti
800 1609 995 1663 squamis
1013 1610 1286 1655 adstantibus
1300 1612 1446 1666 hydri.

339 1679 453 1731 Ipsis
471 1681 538 1721 est
558 1690 632 1721 aer
652 1679 806 1721 avibus
823 1690 916 1721 non
933 1691 1111 1734 aequus3
1132 1685 1176 1723 et
1197 1682 1283 1723 illae

339 1748 594 1802 Praecipites
609 1749 697 1791 alta
717 1751 855 1791 vitam
875 1750 955 1790 sub
976 1751 1093 1791 nube
1112 1751 1386 1804 relinquunt.

342 1821 561 1860 Praeterea
570 1820 664 1870 jam
680 1829 763 1860 ncc
782 1818 942 1859 mutari
961 1818 1120 1872 pabula
1138 1816 1298 1868 refert,

337 1889 627 1942 Quaesitaeque
646 1891 812 1930 nocent
828 1889 967 1929 artes:
1000 1899 1170 1931 cessere
1185 1889 1408 1943 magistri,

338 1958 605 2009 Phillyrides
633 1958 824 2006 Chiron,
850 1957 1262 2011 Amythaoniusque
1282 1960 1543 2014 Melampus.

338 2028 470 2069 Stevit
485 2061 494 2076 ‚
514 2030 559 2070 et
577 2061 585 2076 ‚
606 2030 652 2069 in
668 2028 815 2071 lucem
836 2029 998 2080 Stygiis
1019 2028 1177 2069 emissa
1199 2029 1389 2070 tenebris
1409 2062 1419 2079 ‚

341 2097 510 2140 Pallida
528 2097 765 2151 Tisiphone·
785 2098 962 2139 Morbos
981 2099 1072 2149 agit
1090 2099 1192 2139 ante
1210 2100 1485 2153 Metumque,

341 2171 479 2221 [nque
500 2167 591 2210 dies
606 2168 787 2210 avidum
806 2180 990 2221 surgens
1011 2172 1143 2222 caput
1160 2168 1288 2210 altius
1307 2168 1449 2212 elsert.

339 2239 494 2281 Balatu
511 2250 735 2294 pecorum
746 2242 788 2281 et
805 2240 971 2282 crebris
986 2239 1230 2291 mugitibus
1249 2250 1402 2282 amnes

340 2313 618 2364 Arentesque
634 2312 797 2351 sonant
815 2311 923 2364 ripae
939 2309 1170 2364 collesque
1189 2311 1354 2364 supini.

340 2381 530 2431 Jamque
546 2379 804 2421 catervatim
820 2377 897 2420 dat
914 2380 1121 2431 stragem,
1146 2382 1276 2433 atque
1297 2386 1475 2433 aggerat
1494 2380 1604 2435 ipsis

342 2450 390 2487 ln
408 2448 592 2490 stabulis
610 2447 727 2502 turpi
743 2447 910 2502 dilapsa
930 2448 1143 2491 cadavera
1163 2449 1263 2490 tabo
1283 2466 1294 2489 ι
