1917 2942
329 307 406 347 280
854 313 1108 353 AENEIDOS
1560 320 1636 358 282

381 395 431 433 ln
448 392 593 435 medio
608 404 751 436 ramos
768 405 1020 448 annosaque
1036 398 1214 441 brachia
1233 401 1391 453 pandit

328 463 480 504 Ulmus
501 473 654 517 opaca,
680 465 862 516 ingens:
884 477 1016 518 quam
1032 468 1180 510 sedem
1201 472 1382 511 Somnia
1395 469 1530 524 vulgo

324 533 444 573 Vana
458 536 611 574 tenere
627 531 785 582 serunt,
810 533 1009 587 foliisque
1024 538 1102 578 suh
1128 540 1331 581 omuibus
1346 539 1528 583 haerent.

323 604 544 655 Multaque
566 606 775 656 praeterea
791 606 1014 647 variarum
1036 610 1235 650 monstra
1252 607 1459 658 ferarum,

324 673 533 713 Centauri
552 673 600 713 in
620 672 784 715 toribus
799 675 1032 722 stabulant,
1050 677 1292 730 Scyllaeque
1310 677 1536 727 biformes,

321 741 375 779 Et
389 741 771 793 centumgeminus
790 742 1007 791 Briareus,
1034 756 1085 787 ac
1103 745 1248 788 bellua
1268 750 1421 791 Lernae

322 809 611 852 Horrendum
631 810 835 859 stridens,
864 811 1137 867 flammisque
1157 821 1322 859 armata
1344 819 1576 869 Chimaira,

320 878 569 928 Gorgones,
592 880 899 934 Harpyiaeque.
924 886 970 922 et
990 882 1128 924 forma
1149 885 1404 939 tricorporis
1424 890 1606 931 umhrae.

318 939 510 1001 Corripit
532 946 602 989 hic
623 950 763 991 subita
783 950 977 1002 trepidus
997 950 1234 996 formidine
1255 955 1419 998 serrum

318 1019 487 1064 AEneas‚
508 1019 794 1072 strictamque
813 1021 953 1062 aciem
976 1023 1254 1066 venientibus
1274 1022 1425 1073 osser&

318 1090 389 1135 Et,
411 1088 455 1127 ni
476 1086 607 1130 docta
626 1098 773 1130 comes
795 1091 946 1132 tenues
963 1091 1058 1133 sine
1073 1102 1261 1145 corpore
1280 1095 1391 1137 vitas

316 1156 571 1200 Admoneat
588 1158 775 1202 volitare
790 1170 895 1201 cava
916 1162 995 1202 sub
1013 1162 1207 1214 imagine
1230 1162 1397 1212 formae,

314 1230 472 1277 Irruat,
491 1230 534 1270 et
551 1229 711 1270 frustra
733 1228 850 1271 ferro
870 1229 1121 1274 diverberet
1141 1233 1333 1276 umbras.

367 1297 483 1337 Hinc
497 1296 580 1343 via,
603 1299 794 1339 Tartarei
809 1309 907 1350 quae
927 1298 1009 1340 fert
1027 1300 1282 1343 Acherontis
1303 1303 1355 1345 ad
1376 1304 1513 1347 undas
1533 1323 1542 1345 z

313 1366 529 1408 Turbidus
549 1366 620 1409 hic
640 1377 770 1409 coeno
788 1370 998 1420 vastaque
1015 1370 1230 1422 voragine
1245 1381 1404 1423 gurges

310 1440 494 1483 AEstuat,
516 1440 645 1489 atque
663 1449 842 1479 omnem
863 1441 1033 1491 Cocyto
1052 1442 1224 1482 eructat
1240 1453 1437 1483 arenam.

308 1508 503 1548 Portitor
525 1506 599 1548 lias
616 1507 860 1549 horrendus
881 1519 1013 1560 aquas
1028 1512 1072 1551 et
1089 1507 1267 1551 flumina
1284 1516 1428 1554 servat

307 1575 508 1617 Terribili
524 1576 725 1628 squalore
744 1576 935 1628 Charon,
956 1578 1027 1618 cui
1048 1578 1235 1630 plurima
1256 1583 1408 1622 mento

306 1644 496 1686 Canities
515 1645 682 1687 inculta
697 1648 841 1697 jacet3
868 1641 988 1687 stant
1009 1646 1177 1689 lumina
1200 1647 1373 1691 flamma
1396 1667 1405 1690 ε

304 1714 516 1757 Sordidus
537 1726 589 1758 ex
605 1715 800 1758 humeris
821 1715 942 1758 nodo
965 1716 1188 1772 dependet
1207 1719 1405 1763 amictus.

302 1787 401 1839 Ipse.
419 1789 561 1828 ratem
578 1790 711 1829 conto
729 1788 905 1840 subigit,
927 1787 1120 1841 velisque
1144 1790 1379 1840 ministrat,

301 1861 355 1899 Et
371 1859 620 1911 ferruginea
638 1860 874 1902 subvectat
893 1871 1081 1914 corpora
1100 1862 1274 1912 cymba,

300 1932 327 1968 J
331 1940 402 1971 am
417 1930 587 1976 senior;
608 1928 685 1971 sed
703 1927 844 1971 cruda
863 1928 948 1970 deo
964 1928 1199 1983 viridisque
1215 1933 1434 1973 senectus.

300 2000 399 2040 Huc
414 1998 558 2039 omnis
575 2000 705 2040 turba
725 1999 777 2039 ad
794 1998 911 2051 ripas
931 1998 1069 2041 ell'usa
1088 1999 1257 2044 ruebat,

299 2070 457 2110 Matres
473 2072 603 2118 atque
625 2069 721 2116 viri,
741 2067 1035 2121 defunctaque
1055 2079 1243 2121 corpora
1260 2067 1350 2110 vita

298 2137 628 2190 Magnanimum
647 2137 850 2183 heroum.
873 2139 997 2192 pueri
1013 2140 1299 2193 innuptaeque
1318 2138 1487 2190 puellam

240 2199 242 2201 ’
297 2207 583 2258 Impositique
602 2206 715 2260 rogis
728 2208 911 2256 juvenes
931 2211 1033 2251 ante
1051 2219 1127 2249 ora
1143 2212 1379 2261 parentum
1401 2225 1411 2246 ;

297 2279 439 2326 Quam
461 2278 597 2319 multa
616 2278 662 2319 in
680 2277 800 2320 silvis
825 2278 1025 2320 autumni
1046 2276 1208 2332 frigore
1228 2279 1372 2333 primo

295 2349 432 2400 Lapsa
453 2346 619 2388 cadunt
640 2347 768 2396 solia;
792 2348 936 2390 autad
956 2352 1118 2390 terram
1140 2350 1313 2402 gurgite
1333 2349 1385 2389 ab
1409 2349 1498 2391 alto

294 2419 433 2466 Quam
456 2417 603 2458 rnultae
619 2417 921 2469 glomerantur
940 2429 1057 2469 aves,
1076 2419 1146 2460 ubi
1167 2418 1348 2471 frigidus
1369 2431 1507 2461 annus
