<?xml version="1.0" encoding="UTF-8"?>
<!DOCTYPE html PUBLIC "-//W3C//DTD XHTML 1.0 Transitional//EN"
    "http://www.w3.org/TR/xhtml1/DTD/xhtml1-transitional.dtd">
<html xmlns="http://www.w3.org/1999/xhtml" xml:lang="en" lang="en">
 <head>
  <title>
</title>
<meta http-equiv="Content-Type" content="text/html;charset=utf-8" />
  <meta name='ocr-system' content='tesseract 3.04.00' />
  <meta name='ocr-capabilities' content='ocr_page ocr_carea ocr_par ocr_line ocrx_word'/>
</head>
<body>
  <div class='ocr_page' id='page_1' title='image "./publiivirgiliim01unkngoog_0208.png"; bbox 0 0 1917 2942; ppageno 0'>
   <div class='ocr_carea' id='block_1_1' title="bbox 329 314 1637 366">
    <p class='ocr_par' dir='ltr' id='par_1_1' title="bbox 329 314 1637 366">
     <span class='ocr_line' id='line_1_1' title="bbox 329 314 1637 366; baseline 0.008 -11"><span class='ocrx_word' id='word_1_1' title='bbox 329 314 406 357; x_wconf 64' lang='lat'>204</span> <span class='ocrx_word' id='word_1_2' title='bbox 860 316 1112 359; x_wconf 85' lang='lat' dir='ltr'><strong>AENEIDOS</strong></span> <span class='ocrx_word' id='word_1_3' title='bbox 1562 322 1581 364; x_wconf 64' lang='lat'>-4</span> <span class='ocrx_word' id='word_1_4' title='bbox 1588 328 1637 366; x_wconf 73' lang='lat'>05</span> 
     </span>
    </p>
   </div>
   <div class='ocr_carea' id='block_1_2' title="bbox 202 404 1516 2487">
    <p class='ocr_par' dir='ltr' id='par_1_2' title="bbox 321 404 1343 459">
     <span class='ocr_line' id='line_1_2' title="bbox 321 404 1343 459; baseline 0.004 -14"><span class='ocrx_word' id='word_1_5' title='bbox 321 408 551 457; x_wconf 78' lang='lat' dir='ltr'>Purpureo</span> <span class='ocrx_word' id='word_1_6' title='bbox 566 404 713 447; x_wconf 83' lang='lat' dir='ltr'>velare</span> <span class='ocrx_word' id='word_1_7' title='bbox 731 413 878 447; x_wconf 82' lang='lat' dir='ltr'>comas</span> <span class='ocrx_word' id='word_1_8' title='bbox 895 405 1132 459; x_wconf 81' lang='lat' dir='ltr'>adopertus</span> <span class='ocrx_word' id='word_1_9' title='bbox 1153 404 1315 451; x_wconf 83' lang='lat' dir='ltr'>amictu</span> <span class='ocrx_word' id='word_1_10' title='bbox 1334 425 1343 456; x_wconf 88' lang='grc'>;</span> 
     </span>
    </p>

    <p class='ocr_par' dir='ltr' id='par_1_3' title="bbox 320 474 1420 527">
     <span class='ocr_line' id='line_1_3' title="bbox 320 474 1420 527; baseline 0.005 -12"><span class='ocrx_word' id='word_1_11' title='bbox 320 476 384 515; x_wconf 89' lang='lat' dir='ltr'>Ne</span> <span class='ocrx_word' id='word_1_12' title='bbox 399 474 618 525; x_wconf 79' lang='lat' dir='ltr'>quainter</span> <span class='ocrx_word' id='word_1_13' title='bbox 633 477 811 515; x_wconf 84' lang='lat' dir='ltr'>sanctos</span> <span class='ocrx_word' id='word_1_14' title='bbox 827 476 951 527; x_wconf 77' lang='lat' dir='ltr'>ignes</span> <span class='ocrx_word' id='word_1_15' title='bbox 971 477 1017 516; x_wconf 86' lang='lat' dir='ltr'>in</span> <span class='ocrx_word' id='word_1_16' title='bbox 1034 475 1207 520; x_wconf 86' lang='lat' dir='ltr'>honore</span> <span class='ocrx_word' id='word_1_17' title='bbox 1236 479 1420 520; x_wconf 84' lang='lat' dir='ltr'>deorum</span> 
     </span>
    </p>

    <p class='ocr_par' dir='ltr' id='par_1_4' title="bbox 319 543 1320 595">
     <span class='ocr_line' id='line_1_4' title="bbox 319 543 1320 595; baseline 0.006 -12"><span class='ocrx_word' id='word_1_18' title='bbox 319 543 499 584; x_wconf 87' lang='lat' dir='ltr'>Hostilis</span> <span class='ocrx_word' id='word_1_19' title='bbox 520 543 651 585; x_wconf 79' lang='lat' dir='ltr'>facies</span> <span class='ocrx_word' id='word_1_20' title='bbox 671 547 901 595; x_wconf 83' lang='lat' dir='ltr'>occurrat,</span> <span class='ocrx_word' id='word_1_21' title='bbox 923 547 968 587; x_wconf 87' lang='lat' dir='ltr'>et</span> <span class='ocrx_word' id='word_1_22' title='bbox 988 547 1133 587; x_wconf 82' lang='lat' dir='ltr'>omina</span> <span class='ocrx_word' id='word_1_23' title='bbox 1156 549 1320 591; x_wconf 78' lang='lat' dir='ltr'>turbet.</span> 
     </span>
    </p>

    <p class='ocr_par' dir='ltr' id='par_1_5' title="bbox 315 614 1471 672">
     <span class='ocr_line' id='line_1_5' title="bbox 315 614 1471 672; baseline 0.01 -20"><span class='ocrx_word' id='word_1_24' title='bbox 315 614 448 654; x_wconf 89' lang='lat' dir='ltr'>Hunc</span> <span class='ocrx_word' id='word_1_25' title='bbox 468 614 574 655; x_wconf 89' lang='lat' dir='ltr'>socii</span> <span class='ocrx_word' id='word_1_26' title='bbox 589 624 761 656; x_wconf 86' lang='lat' dir='ltr'>morem</span> <span class='ocrx_word' id='word_1_27' title='bbox 776 625 1025 663; x_wconf 86' lang='lat' dir='ltr'>sacrorum,</span> <span class='ocrx_word' id='word_1_28' title='bbox 1051 617 1167 659; x_wconf 86' lang='lat' dir='ltr'>hunc</span> <span class='ocrx_word' id='word_1_29' title='bbox 1187 619 1278 672; x_wconf 87' lang='lat' dir='ltr'>ipse</span> <span class='ocrx_word' id='word_1_30' title='bbox 1297 623 1444 662; x_wconf 85' lang='lat' dir='ltr'>teneto</span> <span class='ocrx_word' id='word_1_31' title='bbox 1462 635 1471 658; x_wconf 70' lang='grc' dir='ltr'>ε</span> 
     </span>
    </p>

    <p class='ocr_par' dir='ltr' id='par_1_6' title="bbox 315 682 1288 739">
     <span class='ocr_line' id='line_1_6' title="bbox 315 682 1288 739; baseline 0.006 -18"><span class='ocrx_word' id='word_1_32' title='bbox 315 683 410 723; x_wconf 87' lang='lat' dir='ltr'>Hac</span> <span class='ocrx_word' id='word_1_33' title='bbox 428 682 534 723; x_wconf 87' lang='lat' dir='ltr'>casti</span> <span class='ocrx_word' id='word_1_34' title='bbox 555 687 763 725; x_wconf 83' lang='lat' dir='ltr'>maneant</span> <span class='ocrx_word' id='word_1_35' title='bbox 790 684 834 724; x_wconf 90' lang='lat' dir='ltr'>in</span> <span class='ocrx_word' id='word_1_36' title='bbox 853 684 1068 737; x_wconf 80' lang='lat' dir='ltr'>religione</span> <span class='ocrx_word' id='word_1_37' title='bbox 1089 690 1288 739; x_wconf 83' lang='lat' dir='ltr'>nepotes.</span> 
     </span>
    </p>

    <p class='ocr_par' dir='ltr' id='par_1_7' title="bbox 317 749 1400 803">
     <span class='ocr_line' id='line_1_7' title="bbox 317 749 1400 803; baseline 0.009 -15"><span class='ocrx_word' id='word_1_38' title='bbox 317 752 419 795; x_wconf 80' lang='lat' dir='ltr'>Ast,</span> <span class='ocrx_word' id='word_1_39' title='bbox 444 749 518 791; x_wconf 84' lang='lat' dir='ltr'>ubi</span> <span class='ocrx_word' id='word_1_40' title='bbox 536 749 785 803; x_wconf 79' lang='lat' dir='ltr'>digressum</span> <span class='ocrx_word' id='word_1_41' title='bbox 803 752 961 794; x_wconf 66' lang='lat' dir='ltr'>Siculas</span> <span class='ocrx_word' id='word_1_42' title='bbox 982 755 1023 794; x_wconf 87' lang='lat' dir='ltr'>te</span> <span class='ocrx_word' id='word_1_43' title='bbox 1043 752 1291 798; x_wconf 83' lang='lat' dir='ltr'>admoverit</span> <span class='ocrx_word' id='word_1_44' title='bbox 1311 767 1400 798; x_wconf 64' lang='lat' dir='ltr'>orec</span> 
     </span>
    </p>

    <p class='ocr_par' dir='ltr' id='par_1_8' title="bbox 312 819 1415 874">
     <span class='ocr_line' id='line_1_8' title="bbox 312 819 1415 874; baseline 0.01 -18"><span class='ocrx_word' id='word_1_45' title='bbox 312 819 348 856; x_wconf 83' lang='lat' dir='ltr'>V</span> <span class='ocrx_word' id='word_1_46' title='bbox 353 823 481 860; x_wconf 89' lang='lat' dir='ltr'>entus</span> <span class='ocrx_word' id='word_1_47' title='bbox 497 849 506 863; x_wconf 75' lang='grc'>,</span> <span class='ocrx_word' id='word_1_48' title='bbox 529 823 574 861; x_wconf 85' lang='lat' dir='ltr'>et</span> <span class='ocrx_word' id='word_1_49' title='bbox 595 821 769 872; x_wconf 78' lang='lat' dir='ltr'>angusti</span> <span class='ocrx_word' id='word_1_50' title='bbox 786 827 1013 864; x_wconf 80' lang='lat' dir='ltr'><strong>rarescent</strong></span> <span class='ocrx_word' id='word_1_51' title='bbox 1027 822 1219 865; x_wconf 84' lang='lat' dir='ltr'>claustra</span> <span class='ocrx_word' id='word_1_52' title='bbox 1241 825 1385 867; x_wconf 80' lang='lat' dir='ltr'>Pelori</span> <span class='ocrx_word' id='word_1_53' title='bbox 1406 858 1415 874; x_wconf 93' lang='lat'>,</span> 
     </span>
    </p>

    <p class='ocr_par' dir='ltr' id='par_1_9' title="bbox 310 887 1279 944">
     <span class='ocr_line' id='line_1_9' title="bbox 310 887 1279 944; baseline 0.008 -18"><span class='ocrx_word' id='word_1_54' title='bbox 310 889 439 928; x_wconf 81' lang='lat' dir='ltr'>Laeva</span> <span class='ocrx_word' id='word_1_55' title='bbox 458 887 532 929; x_wconf 87' lang='lat' dir='ltr'>libi</span> <span class='ocrx_word' id='word_1_56' title='bbox 558 889 706 937; x_wconf 81' lang='lat' dir='ltr'>tellus,</span> <span class='ocrx_word' id='word_1_57' title='bbox 725 892 770 931; x_wconf 88' lang='lat' dir='ltr'>et</span> <span class='ocrx_word' id='word_1_58' title='bbox 788 889 924 943; x_wconf 83' lang='lat' dir='ltr'>longo</span> <span class='ocrx_word' id='word_1_59' title='bbox 940 891 1050 932; x_wconf 61' lang='lat' dir='ltr'>laeva</span> <span class='ocrx_word' id='word_1_60' title='bbox 1068 896 1279 944; x_wconf 80' lang='lat' dir='ltr'>petantur</span> 
     </span>
    </p>

    <p class='ocr_par' dir='ltr' id='par_1_10' title="bbox 202 957 1506 1080">
     <span class='ocr_line' id='line_1_10' title="bbox 310 957 1439 1011; baseline 0.009 -16"><span class='ocrx_word' id='word_1_61' title='bbox 310 959 500 1010; x_wconf 84' lang='lat' dir='ltr'>AEquora</span> <span class='ocrx_word' id='word_1_62' title='bbox 516 957 706 999; x_wconf 80' lang='lat' dir='ltr'>circuitu</span> <span class='ocrx_word' id='word_1_63' title='bbox 729 974 739 998; x_wconf 68' lang='grc' dir='ltr'><em>ε</em></span> <span class='ocrx_word' id='word_1_64' title='bbox 761 958 965 1001; x_wconf 83' lang='lat' dir='ltr'>dextrum</span> <span class='ocrx_word' id='word_1_65' title='bbox 986 958 1087 1011; x_wconf 80' lang='lat' dir='ltr'>fuge</span> <span class='ocrx_word' id='word_1_66' title='bbox 1102 961 1208 1003; x_wconf 89' lang='lat' dir='ltr'>litus</span> <span class='ocrx_word' id='word_1_67' title='bbox 1226 964 1270 1005; x_wconf 90' lang='lat' dir='ltr'>et</span> <span class='ocrx_word' id='word_1_68' title='bbox 1285 963 1439 1005; x_wconf 84' lang='lat' dir='ltr'>undas.</span> 
     </span>
     <span class='ocr_line' id='line_1_11' title="bbox 202 1024 1506 1080; baseline 0.008 -15"><span class='ocrx_word' id='word_1_69' title='bbox 202 1024 280 1037; x_wconf 62' lang='lat'>&#39;⁴&#39;</span> <span class='ocrx_word' id='word_1_70' title='bbox 309 1028 415 1068; x_wconf 74' lang='lat' dir='ltr'>Haec</span> <span class='ocrx_word' id='word_1_71' title='bbox 430 1029 543 1080; x_wconf 84' lang='lat' dir='ltr'>loca,</span> <span class='ocrx_word' id='word_1_72' title='bbox 564 1028 607 1069; x_wconf 91' lang='lat' dir='ltr'>vi</span> <span class='ocrx_word' id='word_1_73' title='bbox 626 1027 854 1080; x_wconf 85' lang='lat' dir='ltr'>quondam</span> <span class='ocrx_word' id='word_1_74' title='bbox 882 1035 927 1070; x_wconf 87' lang='lat' dir='ltr'>et</span> <span class='ocrx_word' id='word_1_75' title='bbox 944 1035 1067 1072; x_wconf 88' lang='lat' dir='ltr'>vasta</span> <span class='ocrx_word' id='word_1_76' title='bbox 1087 1031 1300 1074; x_wconf 84' lang='lat' dir='ltr'>convulsa</span> <span class='ocrx_word' id='word_1_77' title='bbox 1316 1033 1442 1075; x_wconf 85' lang='lat' dir='ltr'>ruina</span> <span class='ocrx_word' id='word_1_78' title='bbox 1502 1047 1506 1056; x_wconf 72' lang='lat'><strong>¹</strong></span> 
     </span>
    </p>

    <p class='ocr_par' dir='ltr' id='par_1_11' title="bbox 305 1097 1485 1152">
     <span class='ocr_line' id='line_1_12' title="bbox 305 1097 1485 1152; baseline 0.006 -16"><span class='ocrx_word' id='word_1_79' title='bbox 305 1097 515 1147; x_wconf 79' lang='lat' dir='ltr'>(Tantum</span> <span class='ocrx_word' id='word_1_80' title='bbox 539 1098 620 1141; x_wconf 81' lang='lat' dir='ltr'>aevi</span> <span class='ocrx_word' id='word_1_81' title='bbox 637 1099 885 1152; x_wconf 78' lang='lat' dir='ltr'>longinqua</span> <span class='ocrx_word' id='word_1_82' title='bbox 906 1101 1023 1143; x_wconf 84' lang='lat' dir='ltr'>valet</span> <span class='ocrx_word' id='word_1_83' title='bbox 1040 1107 1214 1144; x_wconf 84' lang='lat' dir='ltr'>mutare</span> <span class='ocrx_word' id='word_1_84' title='bbox 1229 1105 1425 1146; x_wconf 86' lang='lat' dir='ltr'>vetustas</span> <span class='ocrx_word' id='word_1_85' title='bbox 1439 1106 1447 1143; x_wconf 71' lang='grc' dir='ltr'>ἱ</span> <span class='ocrx_word' id='word_1_86' title='bbox 1460 1111 1485 1151; x_wconf 59' lang='lat' dir='ltr'>J,</span> 
     </span>
    </p>

    <p class='ocr_par' dir='ltr' id='par_1_12' title="bbox 301 1166 1504 1225">
     <span class='ocr_line' id='line_1_13' title="bbox 301 1166 1504 1225; baseline 0.007 -19"><span class='ocrx_word' id='word_1_87' title='bbox 301 1166 546 1210; x_wconf 87' lang='lat' dir='ltr'>Dissiluissc</span> <span class='ocrx_word' id='word_1_88' title='bbox 565 1166 716 1210; x_wconf 79' lang='lat' dir='ltr'>serunt</span> <span class='ocrx_word' id='word_1_89' title='bbox 731 1199 741 1215; x_wconf 90' lang='lat'><strong><em>,</em></strong></span> <span class='ocrx_word' id='word_1_90' title='bbox 765 1180 903 1221; x_wconf 87' lang='lat' dir='ltr'>quum</span> <span class='ocrx_word' id='word_1_91' title='bbox 921 1173 1139 1225; x_wconf 83' lang='lat' dir='ltr'>protenus</span> <span class='ocrx_word' id='word_1_92' title='bbox 1168 1177 1355 1225; x_wconf 85' lang='lat' dir='ltr'>utraque</span> <span class='ocrx_word' id='word_1_93' title='bbox 1374 1173 1504 1215; x_wconf 75' lang='lat' dir='ltr'>tellus</span> 
     </span>
    </p>

    <p class='ocr_par' dir='ltr' id='par_1_13' title="bbox 304 1236 1357 1293">
     <span class='ocr_line' id='line_1_14' title="bbox 304 1236 1357 1293; baseline 0.008 -17"><span class='ocrx_word' id='word_1_94' title='bbox 304 1239 400 1278; x_wconf 87' lang='lat' dir='ltr'>Una</span> <span class='ocrx_word' id='word_1_95' title='bbox 418 1236 555 1288; x_wconf 49' lang='lat' dir='ltr'>forest</span> <span class='ocrx_word' id='word_1_96' title='bbox 576 1241 699 1281; x_wconf 82' lang='lat' dir='ltr'>venit</span> <span class='ocrx_word' id='word_1_97' title='bbox 715 1239 866 1280; x_wconf 84' lang='lat' dir='ltr'>medio</span> <span class='ocrx_word' id='word_1_98' title='bbox 887 1241 927 1280; x_wconf 86' lang='lat' dir='ltr'>vi</span> <span class='ocrx_word' id='word_1_99' title='bbox 946 1243 1111 1293; x_wconf 86' lang='lat' dir='ltr'>pontus</span> <span class='ocrx_word' id='word_1_100' title='bbox 1131 1273 1140 1289; x_wconf 86' lang='lat'>,</span> <span class='ocrx_word' id='word_1_101' title='bbox 1165 1244 1209 1283; x_wconf 90' lang='lat' dir='ltr'>et</span> <span class='ocrx_word' id='word_1_102' title='bbox 1229 1242 1357 1285; x_wconf 88' lang='lat' dir='ltr'>undis</span> 
     </span>
    </p>

    <p class='ocr_par' dir='ltr' id='par_1_14' title="bbox 303 1308 1516 1367">
     <span class='ocr_line' id='line_1_15' title="bbox 303 1308 1516 1367; baseline 0.008 -20"><span class='ocrx_word' id='word_1_103' title='bbox 303 1309 571 1362; x_wconf 75' lang='lat' dir='ltr'>Hesperium</span> <span class='ocrx_word' id='word_1_104' title='bbox 590 1308 738 1350; x_wconf 91' lang='lat' dir='ltr'>Siculo</span> <span class='ocrx_word' id='word_1_105' title='bbox 756 1310 868 1352; x_wconf 82' lang='lat' dir='ltr'>latus</span> <span class='ocrx_word' id='word_1_106' title='bbox 888 1310 1069 1353; x_wconf 82' lang='lat' dir='ltr'>abscidit</span> <span class='ocrx_word' id='word_1_107' title='bbox 1089 1343 1098 1359; x_wconf 93' lang='lat'>‚</span> <span class='ocrx_word' id='word_1_108' title='bbox 1121 1322 1312 1367; x_wconf 61' lang='lat' dir='ltr'>auraque</span> <span class='ocrx_word' id='word_1_109' title='bbox 1328 1319 1373 1355; x_wconf 85' lang='lat' dir='ltr'>ct</span> <span class='ocrx_word' id='word_1_110' title='bbox 1386 1314 1516 1357; x_wconf 85' lang='lat' dir='ltr'>urbes</span> 
     </span>
    </p>

    <p class='ocr_par' dir='ltr' id='par_1_15' title="bbox 302 1377 1251 1430">
     <span class='ocr_line' id='line_1_16' title="bbox 302 1377 1251 1430; baseline 0.006 -14"><span class='ocrx_word' id='word_1_111' title='bbox 302 1378 448 1420; x_wconf 79' lang='lat' dir='ltr'>Litore</span> <span class='ocrx_word' id='word_1_112' title='bbox 469 1377 673 1420; x_wconf 85' lang='lat' dir='ltr'>diductas</span> <span class='ocrx_word' id='word_1_113' title='bbox 699 1381 887 1430; x_wconf 84' lang='lat' dir='ltr'>angusto</span> <span class='ocrx_word' id='word_1_114' title='bbox 907 1379 1111 1421; x_wconf 80' lang='lat' dir='ltr'>interluit</span> <span class='ocrx_word' id='word_1_115' title='bbox 1127 1385 1251 1423; x_wconf 61' lang='lat' dir='ltr'>aestu.</span> 
     </span>
    </p>

    <p class='ocr_par' dir='ltr' id='par_1_16' title="bbox 300 1446 1513 1504">
     <span class='ocr_line' id='line_1_17' title="bbox 300 1446 1513 1504; baseline 0.004 -16"><span class='ocrx_word' id='word_1_116' title='bbox 300 1450 515 1489; x_wconf 75' lang='lat' dir='ltr'>Dextrum</span> <span class='ocrx_word' id='word_1_117' title='bbox 531 1446 673 1499; x_wconf 81' lang='lat' dir='ltr'>Scylla</span> <span class='ocrx_word' id='word_1_118' title='bbox 686 1448 819 1496; x_wconf 86' lang='lat' dir='ltr'>latus,</span> <span class='ocrx_word' id='word_1_119' title='bbox 835 1448 997 1490; x_wconf 67' lang='lat' dir='ltr'>laevum</span> <span class='ocrx_word' id='word_1_120' title='bbox 1016 1450 1251 1504; x_wconf 77' lang='lat' dir='ltr'>implacata</span> <span class='ocrx_word' id='word_1_121' title='bbox 1271 1452 1513 1504; x_wconf 77' lang='lat' dir='ltr'>Charybdis</span> 
     </span>
    </p>

    <p class='ocr_par' dir='ltr' id='par_1_17' title="bbox 302 1517 1441 1573">
     <span class='ocr_line' id='line_1_18' title="bbox 302 1517 1441 1573; baseline 0.004 -15"><span class='ocrx_word' id='word_1_122' title='bbox 302 1517 489 1559; x_wconf 86' lang='lat' dir='ltr'>Obsidet</span> <span class='ocrx_word' id='word_1_123' title='bbox 507 1547 516 1564; x_wconf 88' lang='lat'><strong>‚</strong></span> <span class='ocrx_word' id='word_1_124' title='bbox 546 1519 677 1570; x_wconf 83' lang='lat' dir='ltr'>atque</span> <span class='ocrx_word' id='word_1_125' title='bbox 694 1518 782 1558; x_wconf 85' lang='lat' dir='ltr'>imo</span> <span class='ocrx_word' id='word_1_126' title='bbox 801 1518 1001 1560; x_wconf 75' lang='lat' dir='ltr'>barathri</span> <span class='ocrx_word' id='word_1_127' title='bbox 1022 1522 1089 1560; x_wconf 88' lang='lat' dir='ltr'>ter</span> <span class='ocrx_word' id='word_1_128' title='bbox 1102 1521 1276 1573; x_wconf 77' lang='lat' dir='ltr'>gurgite</span> <span class='ocrx_word' id='word_1_129' title='bbox 1291 1525 1441 1563; x_wconf 84' lang='lat' dir='ltr'>vastos</span> 
     </span>
    </p>

    <p class='ocr_par' dir='ltr' id='par_1_18' title="bbox 301 1586 1493 1642">
     <span class='ocr_line' id='line_1_19' title="bbox 301 1586 1493 1642; baseline 0.004 -14"><span class='ocrx_word' id='word_1_130' title='bbox 301 1587 456 1630; x_wconf 85' lang='lat' dir='ltr'>Sorbet</span> <span class='ocrx_word' id='word_1_131' title='bbox 470 1587 516 1627; x_wconf 89' lang='lat' dir='ltr'>in</span> <span class='ocrx_word' id='word_1_132' title='bbox 537 1588 776 1640; x_wconf 74' lang='lat' dir='ltr'>abruptum</span> <span class='ocrx_word' id='word_1_133' title='bbox 795 1586 954 1629; x_wconf 85' lang='lat' dir='ltr'>fluctus</span> <span class='ocrx_word' id='word_1_134' title='bbox 971 1619 980 1635; x_wconf 86' lang='lat'>‚</span> <span class='ocrx_word' id='word_1_135' title='bbox 1002 1600 1244 1642; x_wconf 75' lang='lat' dir='ltr'>rursusque</span> <span class='ocrx_word' id='word_1_136' title='bbox 1264 1590 1343 1631; x_wconf 88' lang='lat' dir='ltr'>sub</span> <span class='ocrx_word' id='word_1_137' title='bbox 1365 1603 1493 1633; x_wconf 85' lang='lat' dir='ltr'>auras</span> 
     </span>
    </p>

    <p class='ocr_par' dir='ltr' id='par_1_19' title="bbox 298 1657 1285 1708">
     <span class='ocr_line' id='line_1_20' title="bbox 298 1657 1285 1708; baseline 0.004 -12"><span class='ocrx_word' id='word_1_138' title='bbox 298 1657 444 1708; x_wconf 75' lang='lat' dir='ltr'>Erigit</span> <span class='ocrx_word' id='word_1_139' title='bbox 463 1659 657 1699; x_wconf 84' lang='lat' dir='ltr'>alternos</span> <span class='ocrx_word' id='word_1_140' title='bbox 672 1687 683 1704; x_wconf 89' lang='lat'><em>,</em></span> <span class='ocrx_word' id='word_1_141' title='bbox 703 1659 748 1698; x_wconf 87' lang='lat' dir='ltr'>et</span> <span class='ocrx_word' id='word_1_142' title='bbox 763 1657 904 1699; x_wconf 75' lang='lat' dir='ltr'>sidera</span> <span class='ocrx_word' id='word_1_143' title='bbox 923 1658 1130 1700; x_wconf 87' lang='lat' dir='ltr'>verberat</span> <span class='ocrx_word' id='word_1_144' title='bbox 1149 1658 1285 1700; x_wconf 88' lang='lat' dir='ltr'>unda.</span> 
     </span>
    </p>

    <p class='ocr_par' dir='ltr' id='par_1_20' title="bbox 299 1726 1350 1779">
     <span class='ocr_line' id='line_1_21' title="bbox 299 1726 1350 1779; baseline 0.002 -12"><span class='ocrx_word' id='word_1_145' title='bbox 299 1730 358 1768; x_wconf 85' lang='lat' dir='ltr'>At</span> <span class='ocrx_word' id='word_1_146' title='bbox 374 1727 563 1779; x_wconf 73' lang='lat' dir='ltr'>Scyllam</span> <span class='ocrx_word' id='word_1_147' title='bbox 580 1727 706 1778; x_wconf 73' lang='lat' dir='ltr'>caecis</span> <span class='ocrx_word' id='word_1_148' title='bbox 721 1726 898 1769; x_wconf 83' lang='lat' dir='ltr'>cohibet</span> <span class='ocrx_word' id='word_1_149' title='bbox 915 1726 1126 1778; x_wconf 74' lang='lat' dir='ltr'>spelunca</span> <span class='ocrx_word' id='word_1_150' title='bbox 1140 1727 1322 1770; x_wconf 84' lang='lat' dir='ltr'>latebris</span> <span class='ocrx_word' id='word_1_151' title='bbox 1341 1760 1350 1776; x_wconf 84' lang='lat'><em>,</em></span> 
     </span>
    </p>

    <p class='ocr_par' dir='ltr' id='par_1_21' title="bbox 297 1797 1403 1844">
     <span class='ocr_line' id='line_1_22' title="bbox 297 1797 1403 1844; baseline 0.002 -7"><span class='ocrx_word' id='word_1_152' title='bbox 297 1800 391 1839; x_wconf 83' lang='lat' dir='ltr'>Ora</span> <span class='ocrx_word' id='word_1_153' title='bbox 410 1799 727 1844; x_wconf 74' lang='lat' dir='ltr'>exsertantem,</span> <span class='ocrx_word' id='word_1_154' title='bbox 752 1802 795 1839; x_wconf 88' lang='lat' dir='ltr'>et</span> <span class='ocrx_word' id='word_1_155' title='bbox 813 1807 945 1838; x_wconf 85' lang='lat' dir='ltr'>naves</span> <span class='ocrx_word' id='word_1_156' title='bbox 964 1797 1009 1836; x_wconf 92' lang='lat' dir='ltr'>in</span> <span class='ocrx_word' id='word_1_157' title='bbox 1027 1808 1126 1838; x_wconf 82' lang='lat' dir='ltr'>saxa</span> <span class='ocrx_word' id='word_1_158' title='bbox 1139 1797 1403 1840; x_wconf 83' lang='lat' dir='ltr'>trahentem.</span> 
     </span>
    </p>

    <p class='ocr_par' dir='ltr' id='par_1_22' title="bbox 296 1866 1456 1922">
     <span class='ocr_line' id='line_1_23' title="bbox 296 1866 1456 1922; baseline 0.003 -15"><span class='ocrx_word' id='word_1_159' title='bbox 296 1867 445 1909; x_wconf 86' lang='lat' dir='ltr'>Prima</span> <span class='ocrx_word' id='word_1_160' title='bbox 466 1867 659 1909; x_wconf 84' lang='lat' dir='ltr'>hominis</span> <span class='ocrx_word' id='word_1_161' title='bbox 680 1866 809 1909; x_wconf 83' lang='lat' dir='ltr'>facies</span> <span class='ocrx_word' id='word_1_162' title='bbox 829 1899 837 1915; x_wconf 93' lang='lat'><em>,</em></span> <span class='ocrx_word' id='word_1_163' title='bbox 861 1869 905 1910; x_wconf 91' lang='lat' dir='ltr'>et</span> <span class='ocrx_word' id='word_1_164' title='bbox 924 1867 1110 1921; x_wconf 76' lang='lat' dir='ltr'>pulchro</span> <span class='ocrx_word' id='word_1_165' title='bbox 1130 1871 1309 1921; x_wconf 86' lang='lat' dir='ltr'>pectore</span> <span class='ocrx_word' id='word_1_166' title='bbox 1327 1869 1456 1922; x_wconf 78' lang='lat' dir='ltr'>virgo</span> 
     </span>
    </p>

    <p class='ocr_par' dir='ltr' id='par_1_23' title="bbox 298 1938 1452 1994">
     <span class='ocr_line' id='line_1_24' title="bbox 298 1938 1452 1994; baseline 0.003 -17"><span class='ocrx_word' id='word_1_167' title='bbox 298 1939 424 1980; x_wconf 85' lang='lat' dir='ltr'>Pube</span> <span class='ocrx_word' id='word_1_168' title='bbox 447 1940 572 1981; x_wconf 84' lang='lat' dir='ltr'>tenus</span> <span class='ocrx_word' id='word_1_169' title='bbox 596 1955 605 1978; x_wconf 90' lang='lat'>:</span> <span class='ocrx_word' id='word_1_170' title='bbox 626 1940 848 1993; x_wconf 84' lang='lat' dir='ltr'>postrema</span> <span class='ocrx_word' id='word_1_171' title='bbox 863 1938 1050 1978; x_wconf 80' lang='lat' dir='ltr'>immani</span> <span class='ocrx_word' id='word_1_172' title='bbox 1069 1948 1259 1992; x_wconf 79' lang='lat' dir='ltr'>corpore</span> <span class='ocrx_word' id='word_1_173' title='bbox 1280 1939 1425 1994; x_wconf 79' lang='lat' dir='ltr'>pristis</span> <span class='ocrx_word' id='word_1_174' title='bbox 1445 1972 1452 1986; x_wconf 85' lang='lat'>.</span> 
     </span>
    </p>

    <p class='ocr_par' dir='ltr' id='par_1_24' title="bbox 295 2007 1401 2062">
     <span class='ocr_line' id='line_1_25' title="bbox 295 2007 1401 2062; baseline 0 -12"><span class='ocrx_word' id='word_1_175' title='bbox 295 2007 566 2062; x_wconf 75' lang='lat' dir='ltr'>Delphinum</span> <span class='ocrx_word' id='word_1_176' title='bbox 585 2007 747 2050; x_wconf 84' lang='lat' dir='ltr'>caudas</span> <span class='ocrx_word' id='word_1_177' title='bbox 769 2012 896 2049; x_wconf 85' lang='lat' dir='ltr'>utero</span> <span class='ocrx_word' id='word_1_178' title='bbox 917 2010 1152 2049; x_wconf 83' lang='lat' dir='ltr'>commissa</span> <span class='ocrx_word' id='word_1_179' title='bbox 1171 2011 1215 2050; x_wconf 91' lang='lat' dir='ltr'>lu</span> <span class='ocrx_word' id='word_1_180' title='bbox 1224 2020 1401 2062; x_wconf 78' lang='lat' dir='ltr'>porum.</span> 
     </span>
    </p>

    <p class='ocr_par' dir='ltr' id='par_1_25' title="bbox 296 2078 1295 2131">
     <span class='ocr_line' id='line_1_26' title="bbox 296 2078 1295 2131; baseline 0 -11"><span class='ocrx_word' id='word_1_181' title='bbox 296 2082 478 2121; x_wconf 63' lang='lat' dir='ltr'>Praestat</span> <span class='ocrx_word' id='word_1_182' title='bbox 494 2079 707 2120; x_wconf 77' lang='lat' dir='ltr'>Trinacrii</span> <span class='ocrx_word' id='word_1_183' title='bbox 733 2081 871 2121; x_wconf 84' lang='lat' dir='ltr'>metas</span> <span class='ocrx_word' id='word_1_184' title='bbox 884 2078 1074 2121; x_wconf 85' lang='lat' dir='ltr'>lustrare</span> <span class='ocrx_word' id='word_1_185' title='bbox 1092 2080 1295 2131; x_wconf 76' lang='lat' dir='ltr'>Pachyni</span> 
     </span>
    </p>

    <p class='ocr_par' dir='ltr' id='par_1_26' title="bbox 293 2147 1385 2201">
     <span class='ocr_line' id='line_1_27' title="bbox 293 2147 1385 2201; baseline 0.002 -12"><span class='ocrx_word' id='word_1_186' title='bbox 293 2152 545 2192; x_wconf 51' lang='lat' dir='ltr'>(lassantem</span> <span class='ocrx_word' id='word_1_187' title='bbox 566 2181 574 2194; x_wconf 83' lang='grc'>,</span> <span class='ocrx_word' id='word_1_188' title='bbox 595 2149 753 2201; x_wconf 76' lang='lat' dir='ltr'>longos</span> <span class='ocrx_word' id='word_1_189' title='bbox 773 2151 818 2191; x_wconf 87' lang='lat' dir='ltr'>et</span> <span class='ocrx_word' id='word_1_190' title='bbox 837 2147 1187 2191; x_wconf 76' lang='lat' dir='ltr'>circumflectere</span> <span class='ocrx_word' id='word_1_191' title='bbox 1207 2160 1360 2191; x_wconf 83' lang='lat' dir='ltr'>cursus</span> <span class='ocrx_word' id='word_1_192' title='bbox 1377 2181 1385 2197; x_wconf 87' lang='lat'><em>,</em></span> 
     </span>
    </p>

    <p class='ocr_par' dir='ltr' id='par_1_27' title="bbox 289 2216 1398 2272">
     <span class='ocr_line' id='line_1_28' title="bbox 289 2216 1398 2272; baseline 0 -11"><span class='ocrx_word' id='word_1_193' title='bbox 289 2223 432 2272; x_wconf 78' lang='lat' dir='ltr'>Quam</span> <span class='ocrx_word' id='word_1_194' title='bbox 449 2220 583 2261; x_wconf 87' lang='lat' dir='ltr'>semel</span> <span class='ocrx_word' id='word_1_195' title='bbox 600 2216 838 2260; x_wconf 79' lang='lat' dir='ltr'>insormem</span> <span class='ocrx_word' id='word_1_196' title='bbox 856 2222 976 2260; x_wconf 85' lang='lat' dir='ltr'>vasto</span> <span class='ocrx_word' id='word_1_197' title='bbox 991 2217 1152 2261; x_wconf 85' lang='lat' dir='ltr'>vidisse</span> <span class='ocrx_word' id='word_1_198' title='bbox 1167 2220 1248 2262; x_wconf 85' lang='lat' dir='ltr'>sub</span> <span class='ocrx_word' id='word_1_199' title='bbox 1265 2223 1398 2261; x_wconf 80' lang='lat' dir='ltr'>antro</span> 
     </span>
    </p>

    <p class='ocr_par' dir='ltr' id='par_1_28' title="bbox 288 2289 1394 2344">
     <span class='ocr_line' id='line_1_29' title="bbox 288 2289 1394 2344; baseline -0.002 -12"><span class='ocrx_word' id='word_1_200' title='bbox 288 2292 476 2344; x_wconf 81' lang='lat' dir='ltr'>Scyllam</span> <span class='ocrx_word' id='word_1_201' title='bbox 492 2320 500 2334; x_wconf 81' lang='grc'><strong>.</strong></span> <span class='ocrx_word' id='word_1_202' title='bbox 523 2291 568 2331; x_wconf 88' lang='lat' dir='ltr'>et</span> <span class='ocrx_word' id='word_1_203' title='bbox 586 2289 784 2330; x_wconf 82' lang='lat' dir='ltr'>caeruleis</span> <span class='ocrx_word' id='word_1_204' title='bbox 802 2289 986 2331; x_wconf 83' lang='lat' dir='ltr'>canibus</span> <span class='ocrx_word' id='word_1_205' title='bbox 1009 2292 1262 2332; x_wconf 88' lang='lat' dir='ltr'>resonantia</span> <span class='ocrx_word' id='word_1_206' title='bbox 1280 2301 1394 2332; x_wconf 77' lang='lat' dir='ltr'>saxa.</span> 
     </span>
    </p>

    <p class='ocr_par' dir='ltr' id='par_1_29' title="bbox 286 2359 1341 2414">
     <span class='ocr_line' id='line_1_30' title="bbox 286 2359 1341 2414; baseline -0.002 -11"><span class='ocrx_word' id='word_1_207' title='bbox 286 2365 528 2408; x_wconf 66' lang='lat' dir='ltr'>Praeterea,</span> <span class='ocrx_word' id='word_1_208' title='bbox 549 2359 585 2402; x_wconf 91' lang='lat' dir='ltr'>si</span> <span class='ocrx_word' id='word_1_209' title='bbox 606 2371 689 2413; x_wconf 75' lang='lat' dir='ltr'>qua</span> <span class='ocrx_word' id='word_1_210' title='bbox 706 2363 770 2401; x_wconf 87' lang='lat' dir='ltr'>est</span> <span class='ocrx_word' id='word_1_211' title='bbox 787 2359 960 2402; x_wconf 85' lang='lat' dir='ltr'>Heleno</span> <span class='ocrx_word' id='word_1_212' title='bbox 976 2359 1233 2414; x_wconf 80' lang='lat' dir='ltr'>prudentia.</span> <span class='ocrx_word' id='word_1_213' title='bbox 1251 2361 1341 2402; x_wconf 86' lang='lat' dir='ltr'>vati</span> 
     </span>
    </p>

    <p class='ocr_par' dir='ltr' id='par_1_30' title="bbox 286 2430 1374 2487">
     <span class='ocr_line' id='line_1_31' title="bbox 286 2430 1374 2487; baseline 0.001 -15"><span class='ocrx_word' id='word_1_214' title='bbox 286 2433 432 2487; x_wconf 76' lang='lat' dir='ltr'>Siqua</span> <span class='ocrx_word' id='word_1_215' title='bbox 447 2430 551 2474; x_wconf 77' lang='lat' dir='ltr'>fides</span> <span class='ocrx_word' id='word_1_216' title='bbox 572 2463 579 2477; x_wconf 74' lang='grc'>,</span> <span class='ocrx_word' id='word_1_217' title='bbox 600 2431 797 2471; x_wconf 80' lang='lat' dir='ltr'>animum</span> <span class='ocrx_word' id='word_1_218' title='bbox 819 2430 989 2473; x_wconf 75' lang='lat' dir='ltr'>siveris</span> <span class='ocrx_word' id='word_1_219' title='bbox 1014 2431 1169 2485; x_wconf 72' lang='lat' dir='ltr'>implet</span> <span class='ocrx_word' id='word_1_220' title='bbox 1191 2431 1374 2485; x_wconf 75' lang='lat' dir='ltr'>Apollo,</span> 
     </span>
    </p>
   </div>
  </div>
 </body>
</html>
