1917 2942
186 307 259 347 516
697 305 859 343 LIBER
891 303 982 341 VH.
1409 299 1484 336 ΞΝ)

189 392 338 436 Audiit
357 394 400 433 et
417 390 574 432 'l‘riviae
593 391 724 443 longe
742 390 863 432 lacus
881 405 892 437 ;
914 387 1054 430 audiit
1072 386 1212 427 amnis

188 462 381 505 sulfurea
405 464 490 502 Nar
506 462 632 503 albus
650 472 762 514 aqua
783 459 1015 513 fontesque
1030 461 1068 496 V
1071 457 1201 502 elini;

189 535 241 573 Et
259 531 439 585 trepidae
455 534 617 573 matres
636 540 829 584 pressere
848 530 899 572 ad
916 532 1097 584 pectora
1113 530 1256 569 natos.

193 605 300 642 Tum
316 610 422 641 vero
440 597 495 640 ad
512 609 671 641 vocem
690 598 853 641 celeres
874 628 883 644 ‚
898 608 985 649 qua
997 596 1183 638 buccina
1199 595 1375 646 signum

196 670 297 712 Dira
317 670 437 713 dedit
455 703 464 718 ‚
486 670 624 723 raptis
644 671 919 711 concurrunt
937 667 1135 719 undique
1153 664 1248 706 telis

196 737 404 780 Indomiti
424 736 753 790 agric01ae3nec
780 746 872 777 non
893 739 937 777 et
952 736 1083 776 Troia
1104 731 1240 786 pubes

200 807 384 849 Ascanio
401 805 609 847 auxilium
623 806 774 847 castris
791 803 980 847 effundit
995 802 1169 856 apertis.

203 878 405 920 Direxere
424 877 551 918 acies.
572 877 769 927 Nonjam
789 875 1030 918 certamine
1046 875 1202 922 agresti
1221 905 1230 919 ,

203 946 426 1000 Stipitibus
446 945 564 988 duris
580 947 726 998 agitur
742 944 1009 997 sudibusque
1029 942 1249 997 praeusUs,

204 1018 285 1060 Sed
307 1017 421 1059 ferro
438 1017 621 1070 ancipiti
636 1016 903 1062 decernunt,
925 1019 1107 1067 atraque
1121 1015 1210 1056 late

208 1087 433 1130 Horrescit
447 1086 609 1129 strictis
623 1096 746 1137 seges
765 1085 941 1127 ensibus
960 1116 969 1130 .
987 1095 1164 1136 aeraque
1183 1081 1351 1136 fulgent

206 1160 300 1201 Sole
320 1158 515 1200 lacessita
532 1188 542 1208 ‚
564 1158 607 1199 et
624 1158 766 1199 lucem
784 1156 862 1197 sub
882 1154 1032 1196 nubila
1043 1157 1215 1205 jactant
1236 1171 1245 1195 ε

207 1230 381 1269 Fluctus
399 1228 464 1268 uti
482 1226 628 1277 primo
646 1225 781 1279 coepit
800 1236 936 1278 quum
953 1224 1176 1266 albescere
1188 1228 1350 1267 vento.

212 1297 427 1345 Paulatim
444 1307 536 1339 sese
555 1296 666 1337 tollit
682 1305 802 1336 mare
821 1326 830 1342 ‚
853 1297 897 1336 et
915 1294 1043 1335 altius
1063 1293 1199 1335 undas

210 1367 365 1419 Erigit,
384 1367 487 1408 inde
503 1366 593 1407 imo
609 1366 837 1417 consurgit
852 1363 905 1405 ad
924 1363 1089 1406 aethera
1104 1363 1257 1405 fundo.

264 1440 346 1479 Hic
362 1435 539 1488 juvenis
559 1438 746 1490 primam
760 1437 860 1477 ante
880 1434 1019 1477 aciem
1033 1434 1247 1477 stridente
1265 1435 1421 1487 sagitta
1438 1469 1446 1481 ,

214 1509 426 1549 Natorum
444 1506 628 1559 Tyrrhei
647 1503 786 1547 fuerat
805 1505 876 1557 qui
894 1504 1108 1545 maximus
1123 1536 1132 1551 ,
1154 1503 1282 1544 Almo
1398 1505 1401 1508 ’

215 1577 458 1624 sternitum
479 1575 607 1623 baesit
624 1576 743 1618 enim
759 1574 838 1616 sub
852 1578 1029 1627 gutture
1049 1574 1231 1622 vulnus,
1254 1576 1298 1616 et
1314 1574 1411 1615 udae

219 1646 349 1686 Vocis
366 1644 451 1686 iter
471 1649 737 1697 tenuemque
754 1642 935 1686 inclusit
946 1643 1163 1695 sanguine
1180 1644 1332 1684 vitam.

218 1718 409 1770 Corpora
429 1713 570 1755 multa
584 1713 729 1755 virum
746 1713 882 1764 circa,
903 1712 1140 1765 seniorque
1160 1712 1370 1759 Quassus,

223 1787 331 1826 Dum
352 1784 450 1838 paci
469 1783 665 1826 medium
682 1796 729 1826 se
748 1780 900 1832 offert;
915 1783 1183 1835 justissimus
1198 1793 1312 1824 unus

225 1854 310 1904 Qui
331 1854 426 1900 fuit,
449 1854 743 1907 Ausoniisque
763 1853 869 1895 olim
890 1852 1128 1895 ditiSsimus
1147 1853 1259 1895 arvis
1279 1870 1288 1893 ε

224 1924 426 1975 Quinque
447 1934 598 1976 greges
617 1922 681 1962 iili
699 1922 945 1972 balantum,
964 1923 1096 1976 quina
1115 1921 1318 1965 redibant

229 1995 452 2040 Armenta,
475 1994 519 2035 et
536 1995 696 2036 terram
717 1996 899 2035 centum
914 1992 1115 2035 vertebat
1133 1992 1305 2035 aratris.

280 2064 424 2115 Atque
443 2072 494 2103 ea
512 2073 592 2115 per
608 2072 786 2115 campos
804 2072 929 2115 aequo
945 2061 1053 2103 dum
1072 2064 1211 2104 Marte
1229 2064 1458 2114 geruntur,

231 2130 436 2172 Promissi
457 2129 538 2172 dea
556 2129 668 2172 facta
689 2133 858 2184 potens,
878 2130 953 2172 ubi
973 2130 1183 2183 sanguine
1197 2130 1365 2172 bellum

234 2201 410 2250 imbuit,
429 2204 473 2243 et
491 2200 644 2252 primae
661 2200 880 2242 commisit
900 2199 1056 2243 funera
1071 2210 1245 2254 pugnae,

236 2269 407 2312 Deserit
422 2270 694 2324 Hesperiam,
712 2273 755 2312 et
775 2269 878 2313 cccli
895 2281 1109 2313 conversa
1122 2281 1202 2325 per
1223 2281 1349 2312 auras

238 2336 460 2384 J‘unonem
475 2340 632 2383 victrix
649 2340 821 2383 adfatur
841 2351 949 2383 voce
969 2343 1154 2394 superba
1173 2357 1182 2379 :

292 2427 308 2448 a
329 2415 408 2459 En,
433 2410 625 2466 perlecta
641 2411 718 2452 tibi
743 2410 864 2453 beilo
885 2409 1105 2452 discordia
1122 2411 1235 2452 tristi
1257 2426 1265 2448 :
