1917 2942
247 300 324 338 21⁴7
775 299 941 339 LIBER
973 301 1018 338 V.
1479 301 1556 340 2219

248 386 519 437 muneraque
539 384 580 422 in
601 392 750 430 naves,
773 384 922 424 ternos
937 386 1090 438 optare
1103 385 1331 434 juvencos,

247 452 459 505 Vinaque,
480 454 524 494 et
539 451 710 504 arg-enti
732 462 943 503 magnum
962 453 1039 494 dat
1059 451 1171 495 serre
1193 456 1420 499 talentum.

246 519 354 572 Ipsis
370 521 616 575 praecipuos
635 518 892 562 ductoribus
909 520 1032 562 addit
1048 521 1240 564 honores
1262 539 1271 561 :

247 590 414 631 victori
435 589 713 642 chlamydem
732 593 944 637 auratam,
972 602 1104 643 quam
1124 591 1315 645 plurima
1332 593 1504 636 circum

247 662 448 714 Purpura
465 658 689 700 Maeandro
704 657 870 712 duplici
889 660 1090 702 Meliboea
1110 662 1328 710 cucurrit;

245 729 529 780 Intextusque
545 738 654 781 puer
672 725 880 769 frondosa
897 729 1042 780 regius
1061 728 1139 770 Ida

245 799 421 840 veloces
438 797 586 850 jaculo
606 807 759 839 cervos
780 808 998 850 cursuque
1018 796 1187 851 fatigat,

246 871 376 915 Acer,
398 866 620 909 anhelanti
640 866 808 915 similis;
829 878 959 921 quem
979 878 1146 921 praepes
1166 869 1219 910 ab
1242 870 1319 912 Ida

245 933 488 974 Subliinem
503 933 686 987 pedibus
712 934 860 987 rapuit
880 934 1002 976 Jovis
1020 935 1212 988 armiger
1230 937 1371 979 uncis.

252 1003 464 1056 Longaevi
477 1003 644 1057 palmas
664 1002 962 1057 nequidquam
983 1003 1036 1045 ad
1053 1003 1197 1048 sidera
1211 1006 1399 1050 tendunt

247 1071 483 1120 Custode83
500 1073 713 1125 saevitque
732 1083 892 1114 canum
910 1073 1095 1116 latratus
1115 1075 1160 1115 in
1176 1086 1319 1118 auras.

248 1143 319 1189 At,
343 1142 418 1195 qui
436 1140 598 1184 deinde
621 1143 768 1184 locum
788 1143 932 1183 'tenuit
948 1139 1117 1186 virtu'te
1138 1146 1398 1192 seeundum,

247 1211 434 1253 Levibus
452 1210 554 1253 huie
568 1210 708 1252 hamis
723 1213 973 1252 consertam
992 1223 1190 1266 auroque
1208 1214 1399 1259 trilicem

249 1279 467 1330 Loricam,
483 1290 615 1330 quam
636 1280 848 1322 Demoleo
865 1279 1112 1324 detraxerat
1131 1283 1224 1338 ipse

249 1348 404 1389 Victor
420 1346 538 1398 apud
557 1347 763 1401 rapidum
780 1349 1008 1392 Simoenta
1024 1353 1105 1393 sub
1124 1353 1207 1395 Ilio
1224 1355 1326 1401 alto,

251 1420 398 1458 Donat
417 1416 578 1460 habere
596 1418 708 1467 viro,
730 1418 864 1461 decus
880 1421 924 1462 et
939 1422 1136 1464 tutamen
1152 1423 1199 1464 in
1214 1425 1363 1468 armiS.

248 1488 327 1528 Vix
343 1487 463 1528 illam
483 1484 632 1528 famuli
651 1487 851 1541 Phegeus
864 1490 1123 1542 Sagarisque
1143 1491 1342 1535 ferebant

252 1556 559 1608 multiplicem,
584 1558 759 1599 connixi
776 1557 971 1600 humeris
989 1575 999 1599 ε
1017 1559 1198 1603 indutus
1218 1566 1264 1603 at
1282 1564 1388 1605 olim

249 1625 489 1667 Demoleos
509 1635 640 1667 cursu
661 1625 857 1679 palantes
870 1630 1001 1670 Troas
1020 1630 1193 1681 agebat.

248 1695 396 1738 Tertia
414 1694 533 1737 dona
554 1694 657 1737 facit
675 1697 878 1748 geminos
897 1709 950 1740 ex
975 1710 1059 1741 aere
1077 1700 1264 1751 lebetas,

249 1766 520 1819 cymbiaque
542 1769 725 1818 argento
744 1765 954 1820 perfecta,
973 1773 1102 1823 atque
1116 1782 1269 1824 aspera
1286 1775 1437 1828 signis,
1459 1801 1461 1803 ·

302 1838 489 1889 Jamque
503 1835 615 1896 adeo
635 1836 788 1878 donati
807 1847 974 1885 omnes,
995 1840 1242 1894 opibusque
1261 1848 1452 1900 superbi,

216 1904 218 1906 ’
250 1905 453 1948 puniceis
469 1905 592 1947 ibant
605 1907 770 1949 evincti
787 1910 991 1962 tempora
1006 1911 1149 1954 taeniis
1166 1925 1176 1949 ι

250 1977 397 2024 Quum
415 1985 533 2016 saevo
549 1987 572 2018 e
585 1977 767 2028 scopulo
786 1978 924 2019 multa
939 1979 1012 2020 vix
1025 1982 1118 2023 arte
1134 1984 1346 2034 revulsus,

252 2044 431 2086 Amissis
449 2045 596 2092 remis,
615 2051 745 2099 atque
764 2045 920 2090 ordine
935 2047 1092 2091 debilis
1109 2063 1216 2102 uno,

254 2114 430 2156 irrisam
445 2113 539 2156 sine
558 2114 728 2157 honore
746 2119 885 2159 ratem
904 2120 1130 2171 Sergestus
1151 2122 1321 2175 agebat.

252 2184 401 2233 Qualis
423 2195 539 2238 saepe
560 2184 639 2226 viae
659 2183 900 2237 deprensus
919 2188 968 2228 in
982 2199 1142 2241 aggere
1160 2203 1358 2248 serpens,
1486 2248 1489 2251 ¹

254 2256 375 2295 AErea
397 2265 525 2308 quem
547 2254 771 2308 obliquum
794 2260 891 2299 rota
914 2258 1111 2310 transiit;
1134 2267 1209 2305 aut
1227 2268 1371 2318 gravis
1389 2271 1478 2313 ictu

251 2325 522 2367 seminecem
545 2326 670 2378 liquit
689 2337 789 2368 saxo
805 2328 1087 2385 lacerumque
1107 2334 1250 2378 viator
1268 2352 1277 2382 ς

254 2393 559 2447 Nequidquam
573 2393 725 2449 longos
741 2395 912 2450 fugiens
932 2399 1005 2443 [lat
1028 2414 1213 2463 corpore
1236 2409 1396 2460 tortum

1326 2500 1370 2539 17
