1917 2942
169 348 237 387 25¹
720 343 919 382 CULEX.
1396 339 1472 379 1687

172 432 281 473 Avia
300 431 557 474 Cimmerios
578 432 694 473 inter
713 428 922 471 distantia
942 429 1064 471 lucos
1090 439 1100 462 τ

169 506 308 552 Quem
324 501 441 542 circa
458 501 605 542 tristes
627 498 869 542 densentur
883 498 930 538 in
947 497 1099 539 omnia
1114 506 1273 549 poenae.

169 572 277 611 Nam
294 571 470 612 vinctus
497 568 622 611 sedet
639 568 842 608 immanis
860 565 1137 619 serpentibus
1156 566 1286 609 Otos,

171 641 435 681 Devinctum
453 642 626 680 maestus
641 638 798 689 procul
815 637 1059 689 adspiciens
1078 634 1309 688 Ephialten
1327 665 1339 684 ,

172 708 329 748 conati
350 718 485 760 quum
506 708 595 748 sint
608 709 832 760 quondam
853 703 1106 746 rescindere
1122 702 1364 748 mundu1n;

171 779 221 818 Et
238 777 387 829 Tityos
405 809 413 824 ,
432 778 626 823 Latona,
651 780 734 818 tuae
753 785 921 816 memor
936 774 1090 815 anxius
1105 774 1207 819 irae.

170 844 461 900 implacabilis
478 846 543 887 ira
561 846 717 896 nimis,
735 846 851 895 jacet
873 843 987 884 alitis
1003 852 1118 883 esca.

170 917 367 960 Teneor.
389 913 440 954 ah
458 916 467 954 Ξ
489 914 622 955 tantis
638 914 840 954 insistere
859 942 868 959 ‚
894 916 1080 959 terreor,
1095 910 1261 952 umbris
1278 943 1287 957 ‚

170 982 234 1023 Ad
256 982 425 1036 Stygias
439 986 670 1024 revocatus
689 992 833 1034 aquas.
852 982 934 1022 Vix
948 981 1130 1022 ultimus
1146 981 1265 1021 amni

173 1055 343 1100 Restat,
363 1055 588 1095 nectareas
607 1051 757 1093 divsini
777 1052 852 1105 qui
868 1050 1064 1103 prodidit
1078 1060 1221 1098 escas,

171 1121 370 1164 Gutturis
387 1120 529 1163 arenti
542 1120 767 1163 revolutus
786 1120 832 1160 in
847 1119 996 1162 omnia
1015 1130 1162 1161 sensu.

171 1192 284 1242 Quid
298 1223 308 1242 ‚
326 1202 474 1233 samm
494 1191 652 1245 procul
671 1189 854 1231 adverso
872 1189 944 1243 qui
962 1194 1116 1231 monte
1131 1188 1343 1234 revolvit,

171 1262 459 1304 contemsisse
474 1261 602 1302 dolor
624 1271 755 1313 quem
776 1259 958 1302 numina
976 1259 1117 1301 vincit
1135 1260 1319 1302 acerbus
1332 1291 1345 1304 2

173 1333 270 1374 Otia
292 1334 566 1386 quaerentem
587 1328 777 1372 frustra?
800 1334 882 1371 vos
900 1330 986 1378 ite,
1009 1329 1194 1384 puellae‚

173 1405 232 1445 lte
247 1434 257 1451 ‚
279 1403 438 1455 quibus
457 1401 593 1443 taedas
613 1398 824 1442 adcendit
842 1399 976 1441 tristis
992 1399 1206 1451 Erinnys3

172 1474 291 1514 Sicut
306 1475 483 1524 Hymen
499 1470 681 1526 praefata
700 1469 823 1511 dedit
841 1468 1066 1510 connubia
1083 1468 1261 1513 mortis;

174 1545 314 1596 Atque
334 1542 437 1583 alias
456 1541 546 1582 alio
563 1540 719 1582 densat
735 1550 868 1593 super
884 1539 1062 1591 agmine
1082 1540 1250 1579 turmas
1267 1553 1279 1587 ;

173 1612 399 1665 impietate
420 1610 510 1652 fera
529 1610 767 1652 vecordem
788 1607 1004 1650 Colchida
1023 1609 1210 1648 matrem
1228 1638 1238 1653 ,

175 1682 310 1723 Anxia
328 1680 525 1722 sollicitis
540 1677 829 1721 meditantem
847 1676 1028 1719 vulnera
1046 1676 1213 1729 gnatis3

174 1752 195 1790 J
201 1761 269 1791 am
289 1750 556 1792 Pandionias
576 1749 824 1791 miseranda
846 1748 970 1800 prole
993 1747 1185 1801 puellas.

175 1821 367 1869 Quarum
386 1831 470 1862 vox
484 1819 545 1862 cit
561 1820 686 1872 Ityn,
707 1824 750 1861 et
767 1820 893 1869 Ityn,
914 1816 1039 1872 quod*
1053 1817 1277 1859 Bistonius
1301 1827 1374 1858 rex
1391 1848 1404 1860 .

176 1890 313 1932 Orbus
331 1901 467 1944 epops
482 1891 636 1932 maeret
649 1888 859 1930 volucres
880 1889 1057 1930 evectus
1074 1888 1121 1928 in
1139 1898 1282 1929 auras.

177 1964 226 2001 At
250 1958 559 2004 discordantes
571 1959 766 2001 Cadmeo
785 1959 1003 2010 sanguine
1020 1956 1173 2000 fratres

178 2033 270 2073 Jam
286 2031 534 2073 truculenta
553 2029 701 2072 serunt
717 2028 969 2082 infestaque
988 2029 1172 2070 vulnera
1201 2038 1363 2081 corpus

180 2100 295 2141 Alter
313 2101 360 2141 in
380 2100 559 2142 alterius
582 2116 591 2140 ι
607 2101 789 2153 jamque
810 2102 1036 2142 aversatus
1051 2101 1239 2152 uterque
1257 2129 1268 2149 ‚

179 2171 309 2223 Impia
325 2171 523 2223 germani
541 2173 688 2212 manat
707 2168 828 2224 quod
843 2170 1057 2222 sangnine
1075 2169 1243 2211 dextra,

181 2241 315 2284 Eheu!
338 2240 576 2282 mutandus
595 2251 825 2293 nunquam
847 2239 988 2281 labor.
1013 2238 1205 2282 Auferor
1222 2240 1344 2281 ultra

182 2311 223 2350 ln
240 2311 413 2353 diversa·
426 2310 565 2363 magis
589 2322 599 2347 ε
621 2308 830 2351 distantia
845 2309 999 2351 limina
1020 2320 1157 2352 cerno
1181 2324 1190 2349 x

182 2381 360 2433 Elysiam
379 2379 622 2422 tranandus
642 2390 747 2433 agor
767 2379 942 2422 delatus
961 2380 1016 2421 ad
1034 2379 1217 2421 undam.

183 2449 315 2494 obvia
333 2449 614 2506 Persephone
632 2449 822 2493 comites
834 2450 1195 2503 nereidas-urget
