1917 2942
238 358 309 395 850
760 359 926 397 LIBER
955 358 1032 399 XI.
1461 360 1537 399 1145

236 442 363 494 Regis
387 442 602 485 Dercenni
624 445 801 485 terreno
821 455 872 485 ex
895 454 1055 496 aggere
1074 442 1251 485 bustum

232 513 409 565 Antiqui
435 513 689 561 Laurentis,
718 524 943 566 opacaque
961 513 1061 555 ilice
1083 516 1275 560 tectu1n3

231 581 309 623 Hic
329 579 411 623 dea
426 593 471 623 se
491 583 689 634 primum
705 583 860 636 rapido
881 581 1182 635 pulcherrima
1201 584 1299 624 nisu

230 651 365 696 sistit,
387 655 430 694 et
450 653 693 693 Arruntem
717 650 888 692 tumulo
907 650 1162 703 speculatur
1179 651 1232 691 ab
1252 651 1358 692 alto.

229 723 282 761 Ut
300 720 412 762 vidit
429 721 672 774 fulgentem
691 720 846 767 armis,
868 731 919 762 ac
941 731 1053 761 vana
1076 723 1346 762 tumentem:

230 805 245 825 e
264 793 365 836 Cur,
387 790 555 842 inquit,
578 790 778 831 diversus
798 790 916 830 abis?
936 787 1023 830 huc
1042 787 1185 841 dirige
1206 801 1402 840 gressum
1417 823 1429 842 ‚

227 863 320 901 Huc
336 862 534 913 periture
548 861 676 901 veni:
699 859 843 910 capias
862 861 910 899 ut
927 858 1059 911 digna
1080 859 1272 900 Camillae

226 930 421 972 Praemia.
442 933 566 972 Tune
586 929 722 971 etiam
744 930 837 971 telis
859 929 1049 971 moriere
1070 929 1253 970 Dianae?
1275 946 1291 967 ι

273 1000 415 1050 Dixit,
437 1003 482 1042 et
507 1005 659 1041 aurata
677 998 908 1042 volucrem
925 998 1126 1040 Threissa
1145 1000 1351 1051 sagittam

221 1069 469 1121 Depromsit
490 1068 702 1120 pharetra
716 1079 980 1122 ,cornuque
1001 1066 1175 1110 infensa
1194 1068 1405 1116 tetendit,

219 1141 268 1178 Et
283 1137 406 1179 duxit
428 1139 581 1190 longe,
607 1138 750 1180 donec
769 1140 952 1181 curvata
972 1138 1146 1180 coirent

219 1212 337 1250 Inter
353 1221 398 1251 se
419 1210 564 1261 capita
584 1242 592 1258 ,
612 1212 654 1250 et
672 1210 878 1251 manibus
892 1211 984 1260 jam
1003 1210 1203 1260 tangeret
1219 1210 1371 1263 aequis,

218 1284 343 1321 Laeva
365 1280 503 1321 aciem
525 1277 624 1322 ferri
639 1310 648 1326 ,
671 1279 823 1322 dextra
842 1290 1070 1332 nervoque
1090 1280 1314 1335 papillam.

218 1350 443 1402 Extemplo
462 1349 537 1391 teli
555 1348 788 1390 stridorem
812 1360 1028 1401 aurasque
1051 1351 1260 1391 sonantes

217 1418 365 1458 Audiit
381 1429 472 1459 una
495 1423 666 1459 Arruns
684 1449 695 1468 ,
718 1416 928 1471 haesitque
943 1419 991 1458 in
1010 1427 1198 1471 corpore
1216 1418 1400 1462 serrum.

213 1487 339 1529 Illum
357 1489 653 1543 exspirantem
668 1488 775 1530 socii
791 1490 920 1541 atque
940 1490 1135 1530 extrema
1151 1494 1402 1542 gementem

213 1557 340 1599 Obliti
357 1558 511 1611 ignoto
528 1568 787 1611 camporum
803 1558 848 1599 in
869 1558 1052 1611 pulvere
1072 1558 1308 1612 linquunt:

211 1628 309 1680 Opis
328 1627 382 1669 acl
403 1628 635 1670 zethei-ium
655 1629 813 1682 pennis
830 1626 1027 1669 aufertur
1041 1628 1292 1683 Olympum.

256 1699 404 1740 Prima
424 1698 560 1751 fugit,
582 1698 763 1738 <lomina
783 1698 961 1744 amissa,
984 1697 1094 1739 levis
1111 1697 1178 1740 ala
1197 1699 1420 1747 Camillae;

207 1767 379 1808 Turbati
402 1767 573 1820 fagiunt
600 1767 776 1814 Rutuli3
802 1765 914 1819 fugit
930 1778 1032 1808 acer
1048 1767 1229 1817 Atinas;
1269 1778 1271 1780 ’

208 1837 469 1891 Disjectique
491 1837 641 1884 (luces,
662 1836 936 1889 desolatique
955 1837 1141 1889 manipli

206 1910 311 1949 Tuta
328 1911 509 1961 petunt,
532 1910 577 1951 et
594 1908 716 1960 equls
732 1907 871 1949 aversi
886 1907 939 1949 ad
956 1907 1117 1948 nioenia
1137 1908 1342 1952 tendunt.

205 1977 288 2017 Nee
307 1976 537 2029 quisquam
557 1976 770 2016 instante-s
789 1978 982 2016 Teucros
1001 1977 1228 2028 letumque
1249 1975 1441 2021 ferentes

202 2048 453 2088 sustentare
472 2045 590 2087 valet
609 2046 725 2091 telis,
746 2048 820 2086 aut
839 2045 992 2087 sistere
1012 2048 1190 2092 contra;

201 2115 278 2157 Sed
294 2115 413 2158 laxos
432 2114 632 2158 referunt
649 2114 845 2157 humeris
863 2114 1175 2166 languentibus
1195 2128 1345 2162 arcuss

201 2185 627 2241 Quadrupedumque
651 2188 827 2238 putrem
858 2196 991 2227 cursu
1028 2186 1169 2237 quatit
1196 2187 1366 2239 ungula
1391 2183 1508 2228 cam-

200 2258 388 2298 Volvitur
406 2255 460 2298 ad
484 2266 633 2297 muros
649 2254 838 2306 caligine
857 2253 1058 2296 turbidus
1085 2258 1180 2297 atra
1366 2259 1510 2312 [piune.

203 2327 343 2368 Pulvis
363 2358 371 2374 ‚
395 2331 439 2368 ct
456 2339 479 2369 e
494 2325 682 2378 speculis
699 2336 915 2378 percussae
937 2328 1118 2379 pectora
1135 2329 1295 2370 matres

200 2398 450 2439 Femineum
471 2398 708 2440 clamorem
731 2395 783 2437 ad
802 2396 902 2438 oceli
919 2397 1066 2439 sidera
1091 2398 1270 2440 tollunt.

199 2469 276 2516 Qui
296 2481 425 2511 eursu
445 2471 592 2521 portas
614 2467 739 2520 primi
763 2469 968 2521 irrupere.
987 2470 1211 2523 patentes,

1278 2559 1349 2597 2512
