1917 2942
313 343 360 381 45
679 341 936 381 AENEIDOS
968 342 1135 381 LIBER
1160 342 1233 380 111.
1545 345 1613 382 tm

306 428 558 481 Hospitium
580 426 813 479 antiquum
832 428 997 480 Trojae,
1019 427 1213 480 sociique
1234 431 1445 478 Penates,

304 499 420 535 Dum
440 493 620 536 fortuna
641 492 740 535 suit.
760 497 899 536 Feror
920 494 1007 536 huc
1023 525 1033 542 ‚
1056 498 1097 536 et
1117 495 1246 538 litore
1266 506 1408 538 curvo

305 565 465 605 Moenia
480 564 626 617 prima
646 565 770 609 loeo.
800 564 899 605 fatis
920 564 1146 616 ingressus
1165 564 1352 617 iniquis;

310 633 606 685 AEneadasque
623 643 724 674 meo
745 644 914 675 nomen
930 633 985 674 (le
1002 632 1185 674 nomine
1207 631 1342 686 tingo.

355 706 487 744 Sacra
504 702 692 743 Dionaeae
709 705 860 751 matri,
883 701 1081 754 divisque
1100 699 1292 744 ferebam

308 771 571 824 Auspieibus
591 774 841 824 emptorum
871 781 1085 824 operum3
1117 782 1368 825 superoque
1398 773 1616 816 nitentem

306 840 561 883 ccelieoium
579 840 672 892 regi
688 840 935 882 mactabam
953 840 996 879 iu
1012 839 1145 881 litore
1166 844 1356 881 taurum.

307 913 437 951 Forte
456 908 538 951 fuit
554 911 676 961 juxta
698 911 912 959 tumulus,
945 920 1034 963 quo
1054 921 1220 953 eoi-nea
1238 923 1414 953 summo

312 979 511 1030 virgulta
530 1010 538 1025 ,
557 981 602 1021 et
619 979 769 1021 densis
792 979 1020 1020 hastilibus
1035 978 1216 1020 horrida
1229 983 1416 1031 myrtus.

310 1049 488 1092 Adcessi
504 1080 513 1096 ‚
532 1050 808 1103 vssridernque
825 1051 878 1090 ab
892 1049 1031 1090 humo
1048 1049 1298 1092 convellere
1313 1050 1468 1092 silvam

312 1123 528 1164 (jonatus,
548 1117 682 1159 ramis
706 1121 900 1171 tegerem
919 1120 970 1158 ut
988 1117 1295 1160 frondentibus
1316 1130 1412 1160 aras
1433 1135 1442 1157 :

314 1188 597 1230 Horrendum
612 1218 622 1234 ‚
647 1191 690 1231 et
707 1188 826 1231 dictu
847 1188 980 1231 video
998 1188 1198 1230 mirabile
1217 1192 1495 1232 monstrum!

313 1262 422 1299 Nam
439 1289 448 1307 ‚
470 1268 567 1310 quae
588 1259 730 1311 prima
748 1258 840 1299 solo
859 1258 1002 1310 ruptis
1023 1257 1243 1300 radicibus
1259 1259 1393 1301 arbor

313 1327 511 1373 vellitur,
533 1325 638 1369 huie
656 1329 753 1368 atro
774 1328 1007 1380 liquuntur
1024 1328 1240 1379 sanguine
1257 1331 1392 1380 guttae
1411 1361 1420 1375 ,

313 1397 367 1436 Et
387 1399 548 1437 terram
566 1396 672 1437 tabo
690 1396 930 1438 maculant.
952 1395 1059 1436 Mihi
1079 1394 1270 1448 frigidus
1287 1397 1454 1440 horror

295 1467 510 1519 „Membra
528 1467 672 1519 quatit
689 1498 697 1514 ,
714 1465 969 1519 gelidusque
990 1467 1081 1508 coit
1102 1464 1340 1509 formidine
1358 1468 1550 1519 sanguis.

316 1542 486 1579 Rursus
506 1543 548 1579 et
568 1536 746 1578 alterius
768 1536 938 1579 lentum
957 1536 1209 1578 convellere
1229 1537 1378 1580 vimen

317 1611 546 1660 [nsequor‚
569 1609 614 1649 et
633 1618 783 1649 causas
804 1606 983 1660 penitus
999 1609 1170 1648 tentare
1191 1608 1403 1650 latentes:

316 1683 424 1721 Ater
442 1683 486 1720 et
501 1677 682 1720 alterius
699 1678 901 1730 sequitur
921 1676 976 1720 de
992 1676 1157 1719 cortice
1176 1678 1371 1729 sanguis.

317 1749 453 1790 Multa
473 1758 658 1790 movens
684 1748 835 1788 animo
849 1778 858 1796 ,
883 1746 1108 1800 Nymphas
1127 1747 1372 1788 venerabar
1390 1751 1588 1799 agrestes
1608 1780 1616 1793 ,

317 1817 651 1869 Gradivumque
670 1819 842 1868 patrem
858 1847 868 1866 ,
892 1815 1056 1857 Geticis
1073 1814 1149 1867 qui
1170 1814 1383 1868 praesidet
1402 1817 1515 1857 arvis
1532 1848 1542 1865 ,

318 1888 421 1929 Rite
439 1885 737 1928 secundarent
752 1886 868 1927 visus
884 1918 892 1931 ,
913 1895 1138 1936 omenque
1153 1884 1370 1927 levarent.

318 1959 466 1999 Tertia
483 1955 561 1999 sed
579 1959 815 2009 postquam
830 1960 999 2009 majore
1019 1954 1192 1996 hastilia
1205 1956 1305 1997 nisu

322 2025 586 2078 Aclgreclior‚
609 2025 882 2079 genibusque
902 2025 1098 2067 adversae
1118 2024 1327 2066 obluctor
1347 2036 1496 2068 arenae
1520 2043 1530 2065 ι

320 2095 528 2147 Eloquar,
551 2105 609 2136 an
627 2094 807 2136 sileam?
825 2095 1013 2148 gemitus
1029 2094 1325 2146 lacrymabilis
1346 2095 1436 2137 imo

323 2164 513 2206 Auditur
534 2163 728 2210 tumulo,
753 2168 798 2207 et
815 2174 900 2206 vox
918 2163 1089 2205 reddita
1106 2164 1248 2206 sertui·
1267 2163 1319 2205 ad
1336 2177 1462 2208 aures
1485 2182 1494 2205 :

326 2251 343 2272 a
363 2234 480 2284 Quid
500 2233 710 2276 miserum
732 2266 740 2282 ,
760 2238 894 2275 AEnea
913 2263 922 2280 ‚
947 2234 1142 2276 laceras?
1160 2235 1250 2286 jam
1271 2245 1403 2288 parce
1421 2236 1594 2289 sepulto
1615 2250 1624 2281 ;

324 2309 463 2346 Parce
481 2304 574 2357 pias
596 2304 810 2345 scelerare
829 2314 1001 2345 manus.
1021 2306 1121 2345 Non
1141 2315 1210 2345 me
1230 2304 1305 2345 tibi
1328 2306 1458 2356 Troja

324 2377 564 2417 Externum
583 2373 702 2419 tulit,
736 2378 812 2416 aut
831 2386 965 2417 cruor
981 2374 1053 2416 hic
1074 2374 1127 2417 de
1147 2375 1296 2429 stipite
1316 2377 1482 2417 manat.

328 2449 423 2487 Hstn
445 2447 453 2485 1
477 2444 576 2496 fuge
597 2443 797 2499 crudeles
818 2446 979 2488 terras,
1001 2443 1101 2495 suge
1123 2444 1226 2485 litus
1246 2455 1442 2485 avarum.
