1917 2942
249 325 319 366 85¹
773 328 933 368 LIBER
965 330 1033 368 vl.
1469 331 1547 370 299

250 416 315 453 Tu
336 422 489 466 regere
510 412 698 466 imperio
715 416 915 469 populos,
940 417 1153 463 Romane,
1175 420 1422 463 memento;

250 482 328 521 Has
346 482 424 523 tibi
444 488 575 523 erunt
594 485 709 523 artes
725 514 734 528 ,
758 484 965 537 pacisque
983 485 1214 538 imponere
1236 496 1425 535 moreni,

249 551 438 592 Parcere
452 552 674 602 subjectis,
695 556 739 594 et
754 552 974 594 debellare
995 552 1224 607 superbos.
1240 570 1256 592 n

301 622 370 662 Sic
390 625 515 675 pater
530 622 758 673 Anchises,
777 626 906 677 atque
926 623 1019 666 liaec
1040 624 1303 666 mirantibus
1323 624 1469 667 addit:

253 707 269 728 a
285 692 486 746 Adspice,
508 698 558 734 ut
575 694 757 747 insignis
776 695 930 748 spoliis
952 695 1185 737 Marcellus
1207 695 1365 748 opimis

248 763 512 815 Ingreditur,
536 765 767 818 victorque
784 765 904 807 viros
923 765 1225 818 supereminet
1239 770 1413 808 omnes!

251 833 331 874 Hic
344 844 437 874 rem
455 836 712 882 Romanam,
728 845 890 887 magno
907 835 1108 876 turbante
1129 836 1338 887 tumultu,

244 903 388 949 Sistet,
410 913 542 955 eques
561 905 730 946 sternet
752 906 926 949 Poenos,
952 905 1213 958 Gallumque
1228 906 1464 953 rebellem.

242 973 471 1025 Tertiaque
490 983 609 1013 arma
627 972 737 1026 patri
758 973 995 1025 suspendet
1009 975 1138 1027 capta
1156 975 1358 1025 Quirino.
1376 993 1393 1014 n

297 1043 441 1092 Atque
460 1039 532 1081 hic
555 1043 731 1088 AEneas;
754 1052 841 1082 una
862 1052 1055 1095 namque
1076 1045 1139 1085 ire
1158 1043 1339 1087 videbat

244 1111 482 1162 Egregium
498 1108 638 1152 forma
654 1112 866 1162 jnvenem
885 1113 929 1153 et
952 1109 1220 1164 fulgentibus
1239 1115 1387 1162 armis,

244 1179 326 1221 Sed
342 1179 464 1221 frons
481 1179 581 1222 laeta
594 1191 768 1234 parum,
791 1183 835 1221 et
854 1180 1025 1232 dejecto
1046 1181 1212 1224 lumina
1233 1185 1357 1226 vultu
1377 1200 1387 1225 ε

248 1266 264 1285 α
280 1252 401 1300 Quis.
421 1254 557 1304 pater,
579 1250 667 1298 ille,
691 1251 836 1291 virum
853 1251 927 1303 qui
949 1251 1010 1292 sic
1030 1252 1267 1294 comitatur
1286 1256 1464 1297 euntem
1479 1257 1499 1296 ἱ)

245 1321 389 1367 Filius,
411 1331 525 1362 anne
544 1320 697 1373 aliquis
714 1331 873 1373 magna
892 1319 946 1363 de
963 1321 1100 1374 stirpe
1117 1325 1363 1375 nepotum?

244 1389 327 1439 Qui
346 1389 550 1444 strepitus
578 1389 695 1431 circa
715 1388 948 1431 comitum!
981 1392 1196 1443 quantum
1226 1391 1364 1434 instar
1386 1393 1429 1435 in
1450 1395 1545 1449 ipso

245 1458 329 1501 Sed
350 1461 445 1501 Nox
464 1464 557 1502 atra
573 1463 704 1515 caput
718 1459 830 1501 tristi
852 1460 1145 1503 circumvolat
1159 1461 1333 1503 umbra.
1354 1479 1369 1500 ι
1427 1461 1545 1520 [esti

295 1530 403 1568 Tum
421 1531 543 1580 pater
561 1527 786 1573 Anchises,
805 1526 1008 1580 lacrymis
1025 1527 1246 1579 ingressus
1262 1529 1455 1573 obortis:

249 1612 266 1634 a
281 1599 316 1636 O
330 1599 448 1645 nate,
470 1596 696 1649 ingentem
715 1597 883 1639 luctum
899 1607 956 1637 ne
972 1607 1121 1649 quaere
1140 1600 1321 1642 tuorum
1335 1616 1346 1647 ;

247 1667 493 1709 Ostendent
509 1668 633 1709 terris
658 1668 779 1710 hunc
802 1672 972 1710 tantum
990 1667 1093 1719 l'ata=
1112 1679 1259 1723 neque
1276 1671 1393 1715 ultra

244 1740 345 1780 Esse
363 1739 527 1780 sinent.
547 1739 741 1779 Nimium
761 1738 883 1781 vobis
899 1741 1098 1780 Romana
1113 1750 1311 1794 propago

245 1809 345 1850 Visa
364 1811 537 1862 potens,
554 1810 719 1863 superi,
740 1811 920 1864 propria
934 1810 1029 1851 haec
1042 1809 1078 1851 si
1093 1809 1213 1852 dona
1228 1809 1434 1858 fuissent!

245 1879 441 1927 Quantos
460 1876 532 1918 ille
550 1876 694 1918 vii-sim
714 1888 921 1930 magnam
943 1878 1151 1920 Mavortis
1168 1879 1223 1921 acl
1242 1880 1397 1924 urbem

245 1949 436 2000 Campus
450 1949 548 1999 aget
568 1946 784 1999 gemitus!
808 1947 877 1989 vel
895 1958 1006 2000 quae.
1030 1947 1251 1998 Tiberine,
1272 1951 1442 1995 videbis

244 2019 434 2064 Funera,
454 2028 592 2069 quum
611 2018 832 2058 tumulum
849 2017 1156 2071 praeterlabere
1177 2023 1425 2064 recentem!

246 2087 334 2129 Nec
347 2097 457 2140 puer
471 2087 599 2128 Iliaca
621 2087 850 2139 quisquam
869 2085 924 2129 de
947 2090 1076 2139 gente
1095 2088 1272 2131 Latinos

244 2156 295 2195 In
318 2157 488 2197 tantuin
503 2167 578 2210 spe
597 2157 721 2198 tollet
737 2166 865 2205 avos;
888 2165 971 2198 nec
986 2157 1174 2198 Romula
1193 2158 1417 2210 quondam

249 2224 341 2267 Ullo
360 2237 405 2268 se
422 2229 594 2268 tantum
610 2226 736 2268 tellus
750 2225 935 2277 jactabit
955 2226 1150 2269 alumno.

246 2297 340 2337 Heu
362 2296 512 2348 pietas,
534 2294 619 2337 heu
639 2295 779 2348 prisca
795 2281 916 2342 fides,
940 2295 1192 2351 invictaque
1208 2297 1326 2341 hello

248 2366 453 2407 Dextera!
477 2375 568 2405 non
582 2362 646 2405 iili
660 2375 705 2407 se
723 2363 956 2417 quisquam
972 2366 1155 2420 impune
1172 2368 1342 2411 tulisset

246 2434 407 2478 Obvius
426 2440 609 2487 armam,
631 2445 705 2477 >eu
721 2446 856 2488 quum
881 2436 1012 2488 pedes
1031 2436 1113 2479 iret
1133 2436 1176 2479 in
1197 2435 1386 2482 hostem.

1319 2538 1384 2578 20.
