1917 2942
259 332 331 370 105
784 330 949 368 LIBER
978 329 1051 368 IV.
1497 328 1576 366 2¹9

259 416 478 470 Auspiciis
497 433 506 457 ι
527 416 659 458 liceat
680 414 877 468 Phrygio
897 416 1064 457 servire
1083 416 1267 461 marito,

259 487 531 540 Dotaiesque
548 488 633 528 tuae
650 485 802 538 Tyrios
817 484 1077 538 permittere
1097 484 1273 527 dextra).
1301 500 1317 521 ι)

313 555 405 597 Olli
433 554 593 601 <sensit
609 554 726 594 enim
744 553 952 594 simulata
969 553 1117 593 mente
1137 551 1336 596 locutam
1351 583 1362 600 ‚

261 626 361 672 Quo
381 634 567 676 regnum
584 623 721 664 Italiae
740 623 928 674 Libycas
946 625 1167 664 averteret
1184 622 1310 670 oras)

259 695 330 736 Sic
343 695 500 736 contra
515 694 580 735 est
595 694 788 746 ingressa
806 695 955 734 Venus
976 707 985 731 ε
1007 707 1023 728 α
1046 691 1149 741 Quis
1168 690 1274 732 talia
1285 690 1467 733 demens

262 764 477 812 Abnuat‚
503 770 577 805 aut
593 766 739 805 tecum
757 763 887 805 malit
905 762 1177 806 contendere
1189 762 1305 804 bello
1320 764 1340 803 Ρ

262 833 304 873 Si
325 832 461 874 modo
479 864 489 880 ,
508 832 629 885 quod
655 844 876 875 memoras
892 862 902 879 ‚
922 832 1082 875 factum
1103 832 1280 875 fortuna
1300 838 1521 884 sequatur.

260 901 346 942 Sed
365 901 463 944 faiis
479 903 650 945 incerta
666 901 804 951 fei-or,
823 903 857 944 si
875 904 1079 956 Juppiter
1098 914 1233 943 unam

262 974 365 1012 Esse
387 970 494 1013 velit
509 973 650 1022 Tyriis
668 971 824 1014 urbem
842 973 1061 1025 Troiaque
1079 972 1284 1025 profectis
1305 1004 1314 1019 ,

260 1041 489 1083 Miscerive
504 1040 660 1094 probet
678 1041 894 1096 populos,
918 1044 993 1082 aut
1013 1039 1179 1081 Foedera
1192 1041 1336 1092 jungi.

260 1114 325 1152 Tu
340 1114 529 1163 conjux:
547 1111 625 1152 libi
645 1111 705 1152 fas
726 1111 924 1152 animum
941 1114 1112 1154 tentare
1130 1111 1371 1165 precando.

258 1182 420 1232 l³erge2
442 1192 614 1233 sequar.
638 1194 655 1218 n
674 1183 787 1222 Turn
808 1181 869 1221 sic
887 1179 1056 1234 excepit
1071 1179 1186 1231 regia
1206 1183 1325 1220 Juuo
1349 1194 1359 1216 :

302 1252 498 1292 «Mecum
510 1249 594 1292 erit
607 1250 687 1292 iste
703 1249 978 1290 labor.Nunc
993 1260 1078 1301 qua
1094 1251 1278 1293 ratione,
1293 1248 1415 1302 quod
1430 1249 1578 1297 instat,

260 1316 453 1360 confieri
476 1318 634 1372 possit,
654 1318 808 1371 paucis
827 1350 835 1366 ,
854 1316 1050 1364 adverte,
1071 1316 1256 1359 docebo.

259 1390 478 1430 Venatum
495 1392 649 1430 AEneas
666 1399 842 1440 unaque
863 1386 1111 1428 miserrima
1128 1386 1243 1427 Dido

260 1460 308 1510 Iu
329 1468 483 1498 nemus
499 1458 564 1499 ire
584 1462 757 1510 parant,
775 1456 849 1497 ubi
871 1454 1043 1510 primos
1061 1456 1280 1497 crastinus
1297 1461 1421 1497 orius

263 1527 483 1568 Extulerit
501 1527 643 1573 Titan,
670 1526 896 1579 radiisque
915 1527 1123 1568 retexerit
1143 1526 1312 1568 orbem.

262 1596 341 1636 llis
359 1607 438 1648 ego
450 1596 702 1648 nigrantem
724 1599 961 1638 commixta
977 1595 1194 1646 grandine
1216 1595 1417 1638 nimbum
1435 1628 1444 1639 .

262 1668 379 1706 Dum
397 1666 621 1720 lrepidant
636 1667 712 1708 alae
726 1695 737 1712 ‚
759 1666 982 1717 saltusque
1003 1666 1210 1717 indagine
1230 1666 1418 1718 cingunt
1436 1699 1444 1711 ,

265 1737 466 1788 Desuper
485 1734 714 1776 infundam
730 1766 739 1783 ‚
762 1737 805 1776 et
828 1736 1000 1782 tonitru
1024 1734 1187 1775 coelum
1209 1744 1340 1778 omne
1358 1736 1498 1778 ciebo.

264 1802 509 1857 Diffugient
527 1804 731 1849 comites.
755 1806 947 1845 etnocte
971 1806 1176 1856 tegentur
1190 1814 1355 1857 opaca;

266 1876 531 1928 Speluncam
550 1874 666 1916 Dido
684 1876 774 1917 dux
791 1880 834 1917 et
854 1876 1072 1925 Trojanus
1094 1873 1280 1915 eandem

268 1945 530 1989 Devenient.
550 1944 719 1992 Ade1203
742 1948 811 1989 et.
835 1948 908 1985 tua
927 1942 1087 1984 simihi
1107 1946 1229 1985 certa
1253 1944 1459 1987 voluntas
1478 1978 1486 1990 ,

266 2013 505 2055 connubio
522 2016 708 2066 jungam
728 2013 897 2059 stabili,
917 2013 1233 2068 propriamque
1254 2013 1427 2056 dicabo.

265 2085 627 2135 HicHymenaeus
647 2084 745 2125 erit.
769 2098 784 2119 n
808 2083 909 2125 Non
931 2083 1161 2125 adversata
1183 2085 1350 2135 petenti

264 2153 456 2199 Adnuit,
474 2155 605 2205 atque
620 2152 732 2193 dolis
752 2152 846 2193 risit
864 2150 1083 2204 Cytherea
1100 2154 1303 2206 repertis.

318 2226 547 2264 Oceanum
563 2221 733 2263 interea
749 2233 934 2275 surgens
951 2226 1126 2263 Aurora
1140 2221 1369 2276 relinquit.

267 2296 303 2332 lt
325 2292 467 2346 portis
487 2292 645 2343 jubare
665 2293 821 2335 exorto
840 2291 1017 2333 delecta
1031 2293 1255 2340 juventus.

267 2363 392 2404 Retia
411 2374 508 2403 rara
527 2395 535 2411 ,
556 2363 720 2417 plagae,
747 2362 837 2403 lato
860 2361 1077 2403 venabula
1095 2360 1215 2403 ferro
1234 2393 1244 2412 ,

270 2432 534 2485 Massylique
558 2438 692 2474 vuum
711 2432 899 2485 equites„
923 2433 966 2475 el
983 2430 1125 2474 odora
1142 2443 1301 2474 canum
1325 2431 1408 2470 νίς.

1311 2522 1369 2560 wi.
