1917 2942
292 321 366 360 524
838 315 1087 355 AENEIDOS
1506 314 1584 353 66ss

291 407 389 457 lpse
407 402 554 458 pedes,
570 403 777 454 tegumen
796 402 1003 453 torquens
1022 397 1212 439 immane
1226 398 1378 445 leonis,

293 473 499 516 Terribili
519 473 739 527 impexum
760 472 878 516 saeta,
896 480 999 512 cum
1014 468 1217 510 dentibus
1234 467 1340 510 albis

293 542 652 595 indutuscapiti;
674 541 735 583 sic
753 541 871 592 regia
888 541 1004 581 tecta
1017 538 1187 581 subibat

296 612 525 658 Horridus,
548 610 858 662 Herculeoque
875 609 1081 666 humeros
1101 609 1286 650 innexus
1304 608 1482 650 amictu.

346 683 456 721 Tum
474 680 638 732 gemini
658 678 811 720 Fratres
829 678 1022 719 Tiburtia
1038 678 1200 720 moenia
1214 678 1434 730 linquunt.

295 749 459 791 Fratris
475 749 644 792 Tiburti
665 748 825 790 dictam
841 749 1106 800 cognomine
1125 749 1316 800 gentem,

296 818 564 871 Catillusque
584 827 772 869 acerque
788 820 933 864 Coras,
952 817 1114 868 Argiva
1128 818 1359 867 juventus;

296 889 353 926 Et
368 887 555 941 primam
572 890 672 929 ante
692 887 831 928 aciem
850 886 985 928 densa
1005 886 1121 927 inter
1136 885 1217 928 tela
1238 883 1440 927 feruntur
1462 903 1471 926 :

298 959 388 998 Ceu
408 954 496 997 duo
510 955 743 1007 nubigenae
764 966 901 1008 quum
918 955 1085 997 vertice
1104 955 1269 996 montis
1288 955 1340 996 ab
1357 955 1445 996 alto

301 1023 586 1067 Descendunt
601 1024 819 1071 Centauri,
843 1024 1061 1065 Homolen
1084 1022 1354 1076 Othrquue
1378 1023 1569 1066 nivalem

301 1095 568 1149 Linquentes
584 1106 713 1137 cursu
733 1093 888 1150 rapido
907 1109 918 1142 ;
937 1092 1012 1134 dat
1030 1093 1233 1135 euntibus
1252 1094 1407 1146 ingens

301 1166 416 1208 Silva
430 1165 595 1213 locum,
613 1167 657 1207 et
672 1174 833 1217 magno
851 1162 1015 1206 cedunt
1031 1163 1220 1215 virgulta
1238 1161 1428 1215 fragore.

357 1235 448 1276 Nec
470 1234 753 1276 Praenestinae
772 1233 979 1275 fundator
997 1231 1135 1274 defuit
1154 1231 1287 1279 urbis,

303 1304 494 1346 Vulcano
514 1304 710 1356 genitum
732 1312 890 1355 pecora
904 1301 1021 1344 inter
1042 1304 1229 1355 agrestia
1247 1312 1393 1353 regem

305 1378 632 1427 inventumque
652 1371 758 1416 focis
779 1373 919 1415 omnis
939 1383 1069 1426 quem
1085 1370 1273 1414 credidit
1288 1374 1414 1417 aetas.

304 1443 520 1486 Caeculus.
538 1445 668 1485 Hunc
684 1442 801 1495 legio
819 1443 904 1484 late
923 1442 1158 1483 comitatur
1177 1441 1384 1493 agrestis:

307 1514 480 1568 Quique
498 1514 635 1556 altum
652 1515 874 1555 Praeneste
892 1513 992 1560 viri,
1010 1511 1171 1565 quique
1186 1523 1289 1553 arva
1306 1511 1488 1553 Gabinze

302 1585 505 1629 ,Iunonia
525 1581 805 1636 gelidumque
820 1582 1051 1629 Anienem,
1074 1584 1119 1623 et
1135 1580 1307 1623 roscida
1325 1580 1428 1622 rivis

309 1650 502 1694 Hernica
516 1662 615 1693 saxa
635 1651 807 1698 colunt;
828 1662 954 1704 quos,
973 1650 1094 1693 dives
1112 1650 1326 1702 Anagnia,
1344 1648 1498 1703 pascis.

307 1725 441 1773 ροσε,
458 1726 674 1765 Amasene
689 1725 830 1776 pater.
854 1723 948 1762 Non
967 1720 1050 1763 illis
1076 1720 1277 1762 omnibus
1297 1730 1431 1768 arma,

310 1793 403 1834 Nec
416 1791 548 1845 clipei
569 1802 778 1834 currusve
798 1792 956 1832 sonant
972 1806 982 1838 ;
1001 1802 1101 1845 pars
1116 1789 1305 1832 maxima
1325 1788 1504 1842 glandes

310 1862 504 1904 Liventis
520 1862 689 1916 plumbi
707 1861 898 1915 spargit;
918 1873 1017 1916 pars
1037 1861 1205 1916 spicula
1226 1863 1366 1915 gestat

310 1933 421 1974 Bina
435 1944 585 1980 manu,
607 1932 840 1986 fulvosque
860 1932 955 1988 lupi
975 1932 1029 1975 de
1048 1931 1165 1986 pelle
1182 1933 1352 1987 galeros

311 2006 503 2055 Tegmen
520 2002 686 2046 hahent
702 2003 833 2058 capiti
854 2020 863 2052 ς
883 2003 1063 2054 vestigia
1084 2001 1205 2045 nuda
1221 2003 1386 2045 sinistri

312 2073 547 2113 instituere
567 2071 689 2126 pedis
706 2088 716 2121 ς
739 2071 900 2115 crudus
923 2073 1031 2124 tegit
1049 2072 1187 2113 altera
1203 2083 1324 2127 pero.

368 2144 426 2183 At
442 2146 675 2197 Messapus,
699 2141 859 2196 equum
881 2142 1089 2193 domitor,
1116 2142 1331 2197 Neptunia
1346 2142 1505 2197 proles,

315 2215 457 2263 Quem
476 2224 621 2267 neque
638 2211 698 2254 fas
716 2213 805 2265 igni
828 2212 1036 2265 cuiquam
1055 2223 1137 2255 nec
1154 2214 1352 2255 sternere
1369 2211 1501 2262 ferro,

314 2285 417 2323 Jam
436 2282 608 2336 pridem
631 2281 796 2325 resides
811 2282 1010 2336 populos,
1034 2281 1296 2336 desuetaque
1315 2282 1432 2325 bello

318 2353 520 2404 Agmina,
539 2352 582 2393 in
600 2364 724 2394 arma
739 2355 869 2394 vocat
885 2350 1045 2397 subito.
1070 2351 1319 2406 ferrumque
1336 2354 1556 2394 retractat.

317 2422 372 2464 Hi
393 2422 687 2464 Fescenninas
705 2422 818 2464 acies
836 2424 1084 2474 AEquosque
1097 2421 1298 2468 Faliscos.
