1917 2942
310 297 361 335 58
798 301 1120 343 GEORGICON
1561 312 1608 349 {3

304 381 437 422 Fudit
451 394 638 436 equum,
668 394 829 438 magno
845 388 973 430 telius
996 401 1199 443 percussa
1221 392 1423 441 tridenti,

303 451 530 504 Neptune3
551 457 594 495 et
611 455 754 496 cultor
768 468 1023 507 nemorum,
1044 462 1113 502 cui
1133 462 1314 515 pinguia
1329 467 1423 507 Ceae

303 524 579 565 Tercentum
601 526 720 566 nivei
741 527 926 570 tondent
940 529 1118 573 dumeta
1133 534 1313 583 juvenci
1330 550 1341 582 ;

303 594 421 644 Ipse,
440 605 594 639 nemus
608 595 810 648 linquens
824 599 1016 650 patrium
1031 601 1249 654 saltusque
1265 605 1407 654 Lycaei
1423 635 1433 650 ‚

303 664 398 703 Pan
409 693 420 713 ‚
442 664 591 705 ovium
606 666 750 706 custos
768 696 777 712 ‚
796 667 872 707 tua
886 668 921 708 si
941 668 1017 709 tibi
1035 671 1217 711 Maenala
1234 682 1349 712 curte
1366 703 1376 720 ,

301 733 454 783 Adsis,
478 746 504 776 o
519 738 725 787 Tegeaee.
746 735 924 787 favens;
947 741 1141 793 oleaeque
1167 742 1361 784 Minerva

297 806 548 853 Inventrix3
567 806 758 865 uncique
774 818 887 859 puer
903 812 1169 852 monstrator
1184 812 1314 853 aratri
1328 828 1337 860 ;

298 878 353 915 Et
374 876 569 917 teneram
589 876 641 917 ab
661 876 807 917 radice
828 876 969 919 [erens
987 909 996 925 ‚
1018 880 1213 927 silvane,
1231 892 1510 934 c-upressunn

296 943 439 997 Dique
457 944 634 1003 deaeque
651 956 805 986 omnes
824 975 834 991 ‚
861 946 1057 989 studium
1084 950 1239 1001 quihus
1258 961 1360 992 arva
1380 954 1488 994 tueri
1508 971 1518 1001 ;

294 1015 466 1071 Quique
481 1025 618 1056 novas
642 1015 753 1055 alitis
768 1025 860 1055 non
877 1016 968 1056 ullo
983 1018 1148 1059 semine
1163 1018 1308 1071 fruges
1326 1052 1335 1065 ‚

292 1085 465 1137 Quique
479 1086 581 1127 satis
600 1086 772 1137 largum
790 1086 902 1127 coelo
922 1085 1149 1129 demittitis
1165 1089 1363 1132 imbrem.

346 1159 498 1212 Tuque
522 1155 653 1202 adeo,
683 1166 814 1208 quem
836 1166 935 1197 mox
951 1167 1048 1214 quae
1075 1158 1164 1198 sint
1191 1158 1393 1205 habitura
1412 1160 1601 1205 deerunt

292 1225 490 1267 concilia
507 1258 515 1272 ,
536 1227 757 1268 incertum
772 1229 836 1268 est
852 1242 862 1273 ;
880 1227 1068 1269 urbesne
1083 1228 1295 1276 invisere,
1319 1233 1473 1278 Caesar,

291 1298 608 1349 Terrarumque
624 1296 730 1339 velis
753 1308 930 1343 curam,
954 1300 999 1339 et
1021 1299 1061 1339 te
1080 1299 1292 1341 maximus
1312 1301 1429 1342 orbis

291 1365 534 1408 Auctorem
551 1364 725 1417 frugum
745 1368 1136 1422 tempestatumque
1148 1369 1372 1420 potentem

289 1434 516 1488 Accipiat,
538 1435 719 1487 cingens
738 1440 937 1478 materna
958 1437 1157 1489 tempora
1185 1440 1357 1488 myrt0;

290 1508 363 1544 An
381 1504 487 1546 deus
503 1505 704 1547 immensi
720 1506 871 1547 venias
889 1506 1019 1547 maris
1036 1537 1045 1553 ‚
1065 1517 1114 1548 ac
1133 1509 1206 1547 tua
1222 1509 1364 1549 nautae

287 1577 478 1616 Numina
493 1576 586 1617 sola
613 1577 786 1622 colant,
809 1576 886 1616 tibi
911 1578 1073 1617 serviat
1088 1578 1240 1618 ultima
1258 1578 1415 1626 Thule;

285 1652 430 1701 Teque
444 1649 526 1690 sini
542 1659 755 1700 generum
774 1648 932 1700 Tethys
948 1652 1065 1690 emat
1080 1650 1281 1691 omnibus
1296 1651 1424 1692 undis
1447 1667 1456 1689 :

285 1722 413 1760 Anne
430 1727 596 1759 novum
611 1716 744 1759 tardis
764 1717 882 1759 sidus
907 1720 946 1759 te
964 1718 1184 1759 mensibus
1204 1718 1335 1761 addas
1349 1750 1358 1766 ‚

284 1790 379 1837 Qua
394 1789 516 1830 loe-us
536 1789 760 1840 Erigonen
777 1789 820 1828 in
828 1789 893 1830 ter
910 1788 1149 1842 Chelasque
1165 1793 1392 1841 sequentes

282 1857 500 1898 Panditur
518 1874 526 1897 :
547 1858 640 1911 ipse
661 1856 738 1897 tibi
756 1858 846 1907 jam
865 1856 1041 1898 brachia
1058 1858 1278 1899 contrahit
1295 1858 1451 1901 ardens

282 1929 510 1982 Scorpios,
534 1931 577 1971 et
595 1929 692 1970 coeli
707 1929 822 1980 justa
844 1928 940 1981 plus
954 1929 1079 1980 parte
1099 1929 1300 1981 reliquit:

282 2000 501 2052 Quidquid
522 2001 605 2042 eris
630 2008 755 2043 (nam
778 2004 817 2042 te
839 2011 922 2041 nee
939 2003 1118 2053 sperent
1137 2001 1316 2042 Tartara
1336 2012 1483 2054 regem
1502 2032 1509 2047 ‚

277 2072 366 2111 Nec
387 2069 461 2110 tibi
479 2067 695 2122 regnandi
714 2070 864 2109 veniat
885 2071 974 2109 tam
994 2068 1089 2110 dira
1104 2068 1293 2123 cupid03

276 2139 485 2188 Quamvis
502 2138 666 2190 Elysios
682 2138 864 2180 miretur
877 2139 1048 2180 Graecia
1066 2149 1265 2193 campos,

275 2211 366 2252 Nec
379 2211 564 2263 repetita
583 2210 703 2261 sequi
729 2212 853 2251 curet
873 2211 1135 2263 Proserpina
1154 2212 1339 2252 matrem
1356 2217 1366 2260 >
1387 2242 1394 2256 ‚

273 2283 339 2320 Da
359 2278 530 2321 facilem
549 2290 746 2326 cursum,
778 2283 909 2332 atque
929 2278 1165 2321 audacibus
1185 2278 1329 2321 adnue
1350 2281 1503 2333 cteptis

270 2352 539 2404 Ignarosque
552 2351 634 2392 viae
656 2361 829 2392 mecum
846 2352 1075 2394 miseratus
1091 2352 1280 2403 agrestes
1297 2381 1305 2397 ,
1340 2364 1352 2371 ⁸

271 2422 510 2472 lugi-edere
529 2454 537 2474 ,
569 2425 612 2465 et
632 2424 743 2467 votis
764 2425 855 2480 ‚jam
876 2434 997 2465 nuuc
1014 2422 1219 2468 adsuesce
1239 2422 1404 2469 Vocari.
