<?xml version="1.0" encoding="UTF-8"?>
<!DOCTYPE html PUBLIC "-//W3C//DTD XHTML 1.0 Transitional//EN"
    "http://www.w3.org/TR/xhtml1/DTD/xhtml1-transitional.dtd">
<html xmlns="http://www.w3.org/1999/xhtml" xml:lang="en" lang="en">
 <head>
  <title>
</title>
<meta http-equiv="Content-Type" content="text/html;charset=utf-8" />
  <meta name='ocr-system' content='tesseract 3.04.00' />
  <meta name='ocr-capabilities' content='ocr_page ocr_carea ocr_par ocr_line ocrx_word'/>
</head>
<body>
  <div class='ocr_page' id='page_1' title='image "./publiivirgiliim01unkngoog_0255.png"; bbox 0 0 1917 2942; ppageno 0'>
   <div class='ocr_carea' id='block_1_1' title="bbox 233 307 1546 349">
    <p class='ocr_par' dir='ltr' id='par_1_1' title="bbox 233 307 1546 349">
     <span class='ocr_line' id='line_1_1' title="bbox 233 307 1546 349; baseline 0.001 -4"><span class='ocrx_word' id='word_1_1' title='bbox 233 307 312 346; x_wconf 78' lang='lat'>507</span> <span class='ocrx_word' id='word_1_2' title='bbox 763 308 923 346; x_wconf 78' lang='lat' dir='ltr'>LIBER</span> <span class='ocrx_word' id='word_1_3' title='bbox 952 309 997 345; x_wconf 85' lang='lat' dir='ltr'>V.</span> <span class='ocrx_word' id='word_1_4' title='bbox 1475 309 1546 349; x_wconf 65' lang='lat'>251</span> 
     </span>
    </p>
   </div>
   <div class='ocr_carea' id='block_1_2' title="bbox 233 393 1555 2474">
    <p class='ocr_par' dir='ltr' id='par_1_2' title="bbox 233 393 1424 936">
     <span class='ocr_line' id='line_1_2' title="bbox 235 393 1362 448; baseline 0.001 -14"><span class='ocrx_word' id='word_1_5' title='bbox 235 394 428 448; x_wconf 85' lang='lat' dir='ltr'>Spicula,</span> <span class='ocrx_word' id='word_1_6' title='bbox 446 395 732 446; x_wconf 65' lang='lat' dir='ltr'>caelatamque</span> <span class='ocrx_word' id='word_1_7' title='bbox 749 397 935 446; x_wconf 81' lang='lat' dir='ltr'>argento</span> <span class='ocrx_word' id='word_1_8' title='bbox 956 393 1073 437; x_wconf 83' lang='lat' dir='ltr'>ferre</span> <span class='ocrx_word' id='word_1_9' title='bbox 1093 393 1333 448; x_wconf 80' lang='lat' dir='ltr'>bipennem</span> <span class='ocrx_word' id='word_1_10' title='bbox 1353 412 1362 435; x_wconf 86' lang='lat'>:</span> 
     </span>
     <span class='ocr_line' id='line_1_3' title="bbox 235 464 1424 519; baseline 0.001 -14"><span class='ocrx_word' id='word_1_11' title='bbox 235 464 453 506; x_wconf 84' lang='lat' dir='ltr'>Omnibus</span> <span class='ocrx_word' id='word_1_12' title='bbox 470 465 545 506; x_wconf 90' lang='lat' dir='ltr'>hic</span> <span class='ocrx_word' id='word_1_13' title='bbox 560 466 645 508; x_wconf 86' lang='lat' dir='ltr'>erit</span> <span class='ocrx_word' id='word_1_14' title='bbox 662 476 776 506; x_wconf 90' lang='lat' dir='ltr'>unus</span> <span class='ocrx_word' id='word_1_15' title='bbox 791 465 952 507; x_wconf 84' lang='lat' dir='ltr'>honos.</span> <span class='ocrx_word' id='word_1_16' title='bbox 965 465 1071 507; x_wconf 82' lang='lat' dir='ltr'>&#39;Tres</span> <span class='ocrx_word' id='word_1_17' title='bbox 1093 467 1276 519; x_wconf 58' lang='lat' dir='ltr'>praemia</span> <span class='ocrx_word' id='word_1_18' title='bbox 1293 467 1424 519; x_wconf 83' lang='lat' dir='ltr'>primi</span> 
     </span>
     <span class='ocr_line' id='line_1_4' title="bbox 239 534 1277 589; baseline 0.002 -15"><span class='ocrx_word' id='word_1_19' title='bbox 239 534 492 589; x_wconf 87' lang='lat' dir='ltr'>Adcipient,</span> <span class='ocrx_word' id='word_1_20' title='bbox 510 534 709 589; x_wconf 88' lang='lat' dir='ltr'>flavaque</span> <span class='ocrx_word' id='word_1_21' title='bbox 725 539 861 589; x_wconf 87' lang='lat' dir='ltr'>caput</span> <span class='ocrx_word' id='word_1_22' title='bbox 873 539 1112 578; x_wconf 77' lang='lat' dir='ltr'><strong>nectentur</strong></span> <span class='ocrx_word' id='word_1_23' title='bbox 1129 536 1248 578; x_wconf 88' lang='lat' dir='ltr'>oliva</span> <span class='ocrx_word' id='word_1_24' title='bbox 1266 552 1277 576; x_wconf 74' lang='grc' dir='ltr'><strong>ι</strong></span> 
     </span>
     <span class='ocr_line' id='line_1_5' title="bbox 233 605 1404 659; baseline 0.005 -14"><span class='ocrx_word' id='word_1_25' title='bbox 233 605 410 647; x_wconf 79' lang='lat' dir='ltr'><strong>Primus</strong></span> <span class='ocrx_word' id='word_1_26' title='bbox 430 616 592 657; x_wconf 82' lang='lat' dir='ltr'>equum</span> <span class='ocrx_word' id='word_1_27' title='bbox 614 605 801 659; x_wconf 80' lang='lat' dir='ltr'><strong>phaleris</strong></span> <span class='ocrx_word' id='word_1_28' title='bbox 818 606 1040 658; x_wconf 80' lang='lat' dir='ltr'>insignem</span> <span class='ocrx_word' id='word_1_29' title='bbox 1062 606 1203 648; x_wconf 87' lang='lat' dir='ltr'>victor</span> <span class='ocrx_word' id='word_1_30' title='bbox 1220 605 1404 651; x_wconf 85' lang='lat' dir='ltr'>habeto;</span> 
     </span>
     <span class='ocr_line' id='line_1_6' title="bbox 235 674 1423 730; baseline 0.003 -16"><span class='ocrx_word' id='word_1_31' title='bbox 235 675 363 717; x_wconf 80' lang='lat' dir='ltr'><strong>Alter</strong></span> <span class='ocrx_word' id='word_1_32' title='bbox 382 675 668 716; x_wconf 78' lang='lat' dir='ltr'>Amazoniam</span> <span class='ocrx_word' id='word_1_33' title='bbox 687 674 949 729; x_wconf 83' lang='lat' dir='ltr'>pharetram.</span> <span class='ocrx_word' id='word_1_34' title='bbox 973 676 1239 730; x_wconf 82' lang='lat' dir='ltr'>plenamque</span> <span class='ocrx_word' id='word_1_35' title='bbox 1255 676 1423 728; x_wconf 75' lang='lat' dir='ltr'>sagittis</span> 
     </span>
     <span class='ocr_line' id='line_1_7' title="bbox 234 739 1234 797; baseline 0.004 -16"><span class='ocrx_word' id='word_1_36' title='bbox 234 739 455 787; x_wconf 82' lang='lat' dir='ltr'>Threiciis,</span> <span class='ocrx_word' id='word_1_37' title='bbox 480 742 569 783; x_wconf 87' lang='lat' dir='ltr'>lato</span> <span class='ocrx_word' id='word_1_38' title='bbox 581 753 714 794; x_wconf 82' lang='lat' dir='ltr'>quarn</span> <span class='ocrx_word' id='word_1_39' title='bbox 733 742 1111 797; x_wconf 76' lang='lat' dir='ltr'>circumplectitur</span> <span class='ocrx_word' id='word_1_40' title='bbox 1126 754 1234 785; x_wconf 86' lang='lat' dir='ltr'>auro</span> 
     </span>
     <span class='ocr_line' id='line_1_8' title="bbox 237 811 1232 866; baseline 0.001 -16"><span class='ocrx_word' id='word_1_41' title='bbox 237 812 429 860; x_wconf 84' lang='lat' dir='ltr'>Balteus,</span> <span class='ocrx_word' id='word_1_42' title='bbox 448 816 492 855; x_wconf 86' lang='lat' dir='ltr'>et</span> <span class='ocrx_word' id='word_1_43' title='bbox 509 812 636 854; x_wconf 86' lang='lat' dir='ltr'>tereti</span> <span class='ocrx_word' id='word_1_44' title='bbox 652 811 875 855; x_wconf 80' lang='lat' dir='ltr'>subnectit</span> <span class='ocrx_word' id='word_1_45' title='bbox 890 811 1024 855; x_wconf 81' lang='lat' dir='ltr'>fibula</span> <span class='ocrx_word' id='word_1_46' title='bbox 1042 824 1232 866; x_wconf 79' lang='lat' dir='ltr'>gemma.</span> 
     </span>
     <span class='ocr_line' id='line_1_9' title="bbox 236 881 1316 936; baseline 0.006 -16"><span class='ocrx_word' id='word_1_47' title='bbox 236 883 410 923; x_wconf 83' lang='lat' dir='ltr'>Tertius</span> <span class='ocrx_word' id='word_1_48' title='bbox 431 882 637 935; x_wconf 79' lang='lat' dir='ltr'>Argolica</span> <span class='ocrx_word' id='word_1_49' title='bbox 654 881 737 925; x_wconf 89' lang='lat' dir='ltr'>hac</span> <span class='ocrx_word' id='word_1_50' title='bbox 752 884 873 936; x_wconf 80' lang='lat' dir='ltr'>galea</span> <span class='ocrx_word' id='word_1_51' title='bbox 893 886 1129 927; x_wconf 86' lang='lat' dir='ltr'>contentus</span> <span class='ocrx_word' id='word_1_52' title='bbox 1144 885 1284 926; x_wconf 87' lang='lat' dir='ltr'>abito.</span> <span class='ocrx_word' id='word_1_53' title='bbox 1300 898 1316 921; x_wconf 77' lang='lat' dir='ltr'>n</span> 
     </span>
    </p>

    <p class='ocr_par' dir='ltr' id='par_1_3' title="bbox 238 952 1555 2474">
     <span class='ocr_line' id='line_1_10' title="bbox 292 952 1456 1007; baseline 0.003 -15"><span class='ocrx_word' id='word_1_54' title='bbox 292 954 400 992; x_wconf 63' lang='lat' dir='ltr'>Haec</span> <span class='ocrx_word' id='word_1_55' title='bbox 420 952 642 999; x_wconf 67' lang='lat' dir='ltr'>uindicta,</span> <span class='ocrx_word' id='word_1_56' title='bbox 660 952 812 995; x_wconf 90' lang='lat' dir='ltr'>locum</span> <span class='ocrx_word' id='word_1_57' title='bbox 827 954 1022 1007; x_wconf 87' lang='lat' dir='ltr'>capiunt,</span> <span class='ocrx_word' id='word_1_58' title='bbox 1038 956 1253 1006; x_wconf 85' lang='lat' dir='ltr'>signoque</span> <span class='ocrx_word' id='word_1_59' title='bbox 1271 956 1456 1006; x_wconf 83' lang='lat' dir='ltr'>repente</span> 
     </span>
     <span class='ocr_line' id='line_1_11' title="bbox 238 1020 1377 1078; baseline 0.004 -19"><span class='ocrx_word' id='word_1_60' title='bbox 238 1020 499 1074; x_wconf 79' lang='lat' dir='ltr'>corripiunt</span> <span class='ocrx_word' id='word_1_61' title='bbox 516 1024 657 1076; x_wconf 87' lang='lat' dir='ltr'>spatia</span> <span class='ocrx_word' id='word_1_62' title='bbox 677 1022 843 1071; x_wconf 82' lang='lat' dir='ltr'>audito,</span> <span class='ocrx_word' id='word_1_63' title='bbox 865 1024 1090 1077; x_wconf 83' lang='lat' dir='ltr'>limenque</span> <span class='ocrx_word' id='word_1_64' title='bbox 1106 1025 1377 1078; x_wconf 85' lang='lat' dir='ltr'>relinquunt,</span> 
     </span>
     <span class='ocr_line' id='line_1_12' title="bbox 239 1089 1285 1148; baseline 0.003 -18"><span class='ocrx_word' id='word_1_65' title='bbox 239 1089 378 1133; x_wconf 78' lang='lat' dir='ltr'>Effusi</span> <span class='ocrx_word' id='word_1_66' title='bbox 392 1091 543 1133; x_wconf 80' lang='lat' dir='ltr'>nimbo</span> <span class='ocrx_word' id='word_1_67' title='bbox 558 1092 723 1134; x_wconf 84' lang='lat' dir='ltr'>similes</span> <span class='ocrx_word' id='word_1_68' title='bbox 745 1104 754 1128; x_wconf 77' lang='lat' dir='ltr'>t</span> <span class='ocrx_word' id='word_1_69' title='bbox 776 1092 905 1136; x_wconf 86' lang='lat' dir='ltr'>simul</span> <span class='ocrx_word' id='word_1_70' title='bbox 918 1094 1074 1135; x_wconf 83' lang='lat' dir='ltr'>ultima</span> <span class='ocrx_word' id='word_1_71' title='bbox 1091 1094 1285 1148; x_wconf 80' lang='lat' dir='ltr'>signant.</span> 
     </span>
     <span class='ocr_line' id='line_1_13' title="bbox 242 1160 1419 1217; baseline 0.003 -17"><span class='ocrx_word' id='word_1_72' title='bbox 242 1161 416 1201; x_wconf 84' lang='lat' dir='ltr'>Primus</span> <span class='ocrx_word' id='word_1_73' title='bbox 435 1161 539 1207; x_wconf 86' lang='lat' dir='ltr'>abit,</span> <span class='ocrx_word' id='word_1_74' title='bbox 559 1160 780 1213; x_wconf 80' lang='lat' dir='ltr'>longeque</span> <span class='ocrx_word' id='word_1_75' title='bbox 800 1165 901 1204; x_wconf 86' lang='lat' dir='ltr'>ante</span> <span class='ocrx_word' id='word_1_76' title='bbox 919 1163 1070 1204; x_wconf 89' lang='lat' dir='ltr'>omnia</span> <span class='ocrx_word' id='word_1_77' title='bbox 1090 1174 1280 1217; x_wconf 80' lang='lat' dir='ltr'>corpora</span> <span class='ocrx_word' id='word_1_78' title='bbox 1295 1162 1419 1205; x_wconf 86' lang='lat' dir='ltr'>Nisus</span> 
     </span>
     <span class='ocr_line' id='line_1_14' title="bbox 239 1229 1180 1277; baseline 0.005 -7"><span class='ocrx_word' id='word_1_79' title='bbox 239 1229 426 1277; x_wconf 83' lang='lat' dir='ltr'>Emicat,</span> <span class='ocrx_word' id='word_1_80' title='bbox 447 1234 491 1273; x_wconf 89' lang='lat' dir='ltr'>et</span> <span class='ocrx_word' id='word_1_81' title='bbox 508 1233 650 1274; x_wconf 89' lang='lat' dir='ltr'>ventis</span> <span class='ocrx_word' id='word_1_82' title='bbox 671 1235 715 1274; x_wconf 87' lang='lat' dir='ltr'>et</span> <span class='ocrx_word' id='word_1_83' title='bbox 735 1231 927 1274; x_wconf 79' lang='lat' dir='ltr'>fulminis</span> <span class='ocrx_word' id='word_1_84' title='bbox 943 1236 1068 1276; x_wconf 83' lang='lat' dir='ltr'>ocior</span> <span class='ocrx_word' id='word_1_85' title='bbox 1083 1234 1180 1276; x_wconf 87' lang='lat' dir='ltr'>alis.</span> 
     </span>
     <span class='ocr_line' id='line_1_15' title="bbox 241 1300 1365 1356; baseline 0.007 -17"><span class='ocrx_word' id='word_1_86' title='bbox 241 1300 471 1342; x_wconf 73' lang='lat' dir='ltr'>Proximus</span> <span class='ocrx_word' id='word_1_87' title='bbox 490 1302 610 1352; x_wconf 78' lang='lat' dir='ltr'>huic,</span> <span class='ocrx_word' id='word_1_88' title='bbox 627 1301 760 1355; x_wconf 80' lang='lat' dir='ltr'>longo</span> <span class='ocrx_word' id='word_1_89' title='bbox 778 1303 852 1345; x_wconf 86' lang='lat' dir='ltr'>sed</span> <span class='ocrx_word' id='word_1_90' title='bbox 873 1304 1096 1356; x_wconf 81' lang='lat' dir='ltr'>proximus</span> <span class='ocrx_word' id='word_1_91' title='bbox 1117 1305 1365 1352; x_wconf 79' lang='lat' dir='ltr'>intervallo,</span> 
     </span>
     <span class='ocr_line' id='line_1_16' title="bbox 242 1370 1326 1425; baseline 0.006 -16"><span class='ocrx_word' id='word_1_92' title='bbox 242 1370 496 1424; x_wconf 84' lang='lat' dir='ltr'>Insequitur</span> <span class='ocrx_word' id='word_1_93' title='bbox 517 1372 653 1413; x_wconf 87' lang='lat' dir='ltr'>Salius</span> <span class='ocrx_word' id='word_1_94' title='bbox 675 1383 684 1407; x_wconf 78' lang='lat' dir='ltr'>z</span> <span class='ocrx_word' id='word_1_95' title='bbox 706 1373 848 1425; x_wconf 85' lang='lat' dir='ltr'>spatio</span> <span class='ocrx_word' id='word_1_96' title='bbox 867 1379 970 1425; x_wconf 75' lang='lat' dir='ltr'>post</span> <span class='ocrx_word' id='word_1_97' title='bbox 990 1373 1150 1417; x_wconf 84' lang='lat' dir='ltr'>deinde</span> <span class='ocrx_word' id='word_1_98' title='bbox 1169 1376 1326 1418; x_wconf 86' lang='lat' dir='ltr'>relicto</span> 
     </span>
     <span class='ocr_line' id='line_1_17' title="bbox 240 1440 683 1492; baseline -0.005 -13"><span class='ocrx_word' id='word_1_99' title='bbox 240 1440 414 1480; x_wconf 86' lang='lat' dir='ltr'>Tertius</span> <span class='ocrx_word' id='word_1_100' title='bbox 442 1442 683 1492; x_wconf 74' lang='lat' dir='ltr'>Euryalus:</span> 
     </span>
     <span class='ocr_line' id='line_1_18' title="bbox 241 1510 1555 1568; baseline 0.005 -20"><span class='ocrx_word' id='word_1_101' title='bbox 241 1510 573 1563; x_wconf 76' lang='lat' dir='ltr'>Euryalumque</span> <span class='ocrx_word' id='word_1_102' title='bbox 591 1511 805 1561; x_wconf 71' lang='lat' dir='ltr'>Helymus</span> <span class='ocrx_word' id='word_1_103' title='bbox 819 1512 1018 1564; x_wconf 85' lang='lat' dir='ltr'>sequitur</span> <span class='ocrx_word' id='word_1_104' title='bbox 1036 1527 1047 1552; x_wconf 76' lang='grc' dir='ltr'>ι</span> <span class='ocrx_word' id='word_1_105' title='bbox 1069 1523 1157 1566; x_wconf 89' lang='lat' dir='ltr'>quo</span> <span class='ocrx_word' id='word_1_106' title='bbox 1180 1512 1343 1556; x_wconf 87' lang='lat' dir='ltr'>deinde</span> <span class='ocrx_word' id='word_1_107' title='bbox 1359 1515 1441 1556; x_wconf 84' lang='lat' dir='ltr'>sub</span> <span class='ocrx_word' id='word_1_108' title='bbox 1460 1513 1555 1568; x_wconf 75' lang='lat' dir='ltr'>ipso</span> 
     </span>
     <span class='ocr_line' id='line_1_19' title="bbox 240 1579 1343 1634; baseline 0.005 -16"><span class='ocrx_word' id='word_1_109' title='bbox 240 1580 356 1620; x_wconf 88' lang='lat' dir='ltr'>Ecce</span> <span class='ocrx_word' id='word_1_110' title='bbox 369 1579 506 1630; x_wconf 85' lang='lat' dir='ltr'>volat,</span> <span class='ocrx_word' id='word_1_111' title='bbox 527 1579 781 1634; x_wconf 85' lang='lat' dir='ltr'>calcemque</span> <span class='ocrx_word' id='word_1_112' title='bbox 803 1583 1009 1632; x_wconf 85' lang='lat' dir='ltr'>teritjam</span> <span class='ocrx_word' id='word_1_113' title='bbox 1026 1583 1146 1625; x_wconf 88' lang='lat' dir='ltr'>calce</span> <span class='ocrx_word' id='word_1_114' title='bbox 1164 1584 1343 1632; x_wconf 84' lang='lat' dir='ltr'>Diores,</span> 
     </span>
     <span class='ocr_line' id='line_1_20' title="bbox 243 1651 1480 1708; baseline 0.003 -15"><span class='ocrx_word' id='word_1_115' title='bbox 243 1652 510 1694; x_wconf 82' lang='lat' dir='ltr'>incumbens</span> <span class='ocrx_word' id='word_1_116' title='bbox 530 1651 739 1699; x_wconf 80' lang='lat' dir='ltr'>humero;</span> <span class='ocrx_word' id='word_1_117' title='bbox 763 1655 903 1707; x_wconf 84' lang='lat' dir='ltr'>spatia</span> <span class='ocrx_word' id='word_1_118' title='bbox 924 1659 968 1696; x_wconf 80' lang='lat' dir='ltr'>et</span> <span class='ocrx_word' id='word_1_119' title='bbox 984 1654 1018 1695; x_wconf 91' lang='lat' dir='ltr'>si</span> <span class='ocrx_word' id='word_1_120' title='bbox 1038 1655 1166 1708; x_wconf 83' lang='lat' dir='ltr'>plura</span> <span class='ocrx_word' id='word_1_121' title='bbox 1182 1655 1422 1708; x_wconf 82' lang='lat' dir='ltr'>supersint,</span> <span class='ocrx_word' id='word_1_122' title='bbox 1476 1677 1480 1679; x_wconf 58' lang='lat'>&gt;</span> 
     </span>
     <span class='ocr_line' id='line_1_21' title="bbox 243 1722 1398 1777; baseline 0.003 -15"><span class='ocrx_word' id='word_1_123' title='bbox 243 1725 455 1765; x_wconf 79' lang='lat' dir='ltr'>Transeat</span> <span class='ocrx_word' id='word_1_124' title='bbox 473 1723 646 1776; x_wconf 82' lang='lat' dir='ltr'>elapsus</span> <span class='ocrx_word' id='word_1_125' title='bbox 665 1722 803 1777; x_wconf 71' lang='lat' dir='ltr'>prior,</span> <span class='ocrx_word' id='word_1_126' title='bbox 825 1724 1140 1775; x_wconf 78' lang='lat' dir='ltr'>ambiguumve</span> <span class='ocrx_word' id='word_1_127' title='bbox 1162 1725 1398 1777; x_wconf 85' lang='lat' dir='ltr'>relinquat.</span> 
     </span>
     <span class='ocr_line' id='line_1_22' title="bbox 241 1790 1407 1846; baseline 0.003 -15"><span class='ocrx_word' id='word_1_128' title='bbox 241 1794 431 1845; x_wconf 84' lang='lat' dir='ltr'>Jamque</span> <span class='ocrx_word' id='word_1_129' title='bbox 449 1791 539 1834; x_wconf 80' lang='lat' dir='ltr'>fere</span> <span class='ocrx_word' id='word_1_130' title='bbox 554 1792 695 1846; x_wconf 86' lang='lat' dir='ltr'>spatio</span> <span class='ocrx_word' id='word_1_131' title='bbox 709 1796 929 1839; x_wconf 63' lang='lat' dir='ltr'>extremo„</span> <span class='ocrx_word' id='word_1_132' title='bbox 941 1790 1146 1845; x_wconf 78' lang='lat' dir='ltr'>fessique,</span> <span class='ocrx_word' id='word_1_133' title='bbox 1167 1794 1249 1835; x_wconf 90' lang='lat' dir='ltr'>sub</span> <span class='ocrx_word' id='word_1_134' title='bbox 1266 1796 1407 1843; x_wconf 66' lang='lat' dir='ltr'>ipsam</span> 
     </span>
     <span class='ocr_line' id='line_1_23' title="bbox 243 1860 1370 1915; baseline 0.004 -14"><span class='ocrx_word' id='word_1_135' title='bbox 243 1860 398 1902; x_wconf 88' lang='lat' dir='ltr'>Finem</span> <span class='ocrx_word' id='word_1_136' title='bbox 415 1860 727 1912; x_wconf 77' lang='lat' dir='ltr'>adventabant,</span> <span class='ocrx_word' id='word_1_137' title='bbox 746 1862 832 1904; x_wconf 87' lang='lat' dir='ltr'>levi</span> <span class='ocrx_word' id='word_1_138' title='bbox 856 1873 993 1915; x_wconf 84' lang='lat' dir='ltr'>quum</span> <span class='ocrx_word' id='word_1_139' title='bbox 1010 1861 1224 1914; x_wconf 84' lang='lat' dir='ltr'>sanguine</span> <span class='ocrx_word' id='word_1_140' title='bbox 1241 1864 1370 1905; x_wconf 87' lang='lat' dir='ltr'>Nisus</span> 
     </span>
     <span class='ocr_line' id='line_1_24' title="bbox 243 1927 1188 1982; baseline 0.002 -12"><span class='ocrx_word' id='word_1_141' title='bbox 243 1928 428 1971; x_wconf 86' lang='lat' dir='ltr'>Labitur</span> <span class='ocrx_word' id='word_1_142' title='bbox 447 1927 624 1979; x_wconf 79' lang='lat' dir='ltr'>infelix3</span> <span class='ocrx_word' id='word_1_143' title='bbox 646 1931 769 1973; x_wconf 77' lang='lat' dir='ltr'>caesis</span> <span class='ocrx_word' id='word_1_144' title='bbox 791 1933 840 1971; x_wconf 88' lang='lat' dir='ltr'>ut</span> <span class='ocrx_word' id='word_1_145' title='bbox 861 1930 971 1973; x_wconf 74' lang='lat' dir='ltr'>forte</span> <span class='ocrx_word' id='word_1_146' title='bbox 984 1931 1188 1982; x_wconf 87' lang='lat' dir='ltr'>juvencis</span> 
     </span>
     <span class='ocr_line' id='line_1_25' title="bbox 245 1998 1506 2054; baseline 0.002 -15"><span class='ocrx_word' id='word_1_147' title='bbox 245 2001 382 2040; x_wconf 86' lang='lat' dir='ltr'>Fusus</span> <span class='ocrx_word' id='word_1_148' title='bbox 397 1998 585 2041; x_wconf 88' lang='lat' dir='ltr'>humum</span> <span class='ocrx_word' id='word_1_149' title='bbox 599 1998 848 2052; x_wconf 80' lang='lat' dir='ltr'>viridesque</span> <span class='ocrx_word' id='word_1_150' title='bbox 865 2011 999 2053; x_wconf 84' lang='lat' dir='ltr'>super</span> <span class='ocrx_word' id='word_1_151' title='bbox 1012 1998 1315 2054; x_wconf 73' lang='lat' dir='ltr'>¹madefecerat</span> <span class='ocrx_word' id='word_1_152' title='bbox 1331 2000 1506 2045; x_wconf 80' lang='lat' dir='ltr'>herbas.</span> 
     </span>
     <span class='ocr_line' id='line_1_26' title="bbox 246 2068 1324 2123; baseline 0.006 -15"><span class='ocrx_word' id='word_1_153' title='bbox 246 2068 329 2110; x_wconf 85' lang='lat' dir='ltr'>Hic</span> <span class='ocrx_word' id='word_1_154' title='bbox 342 2068 520 2120; x_wconf 86' lang='lat' dir='ltr'>juvenis</span> <span class='ocrx_word' id='word_1_155' title='bbox 533 2071 628 2120; x_wconf 86' lang='lat' dir='ltr'>jam</span> <span class='ocrx_word' id='word_1_156' title='bbox 647 2069 793 2111; x_wconf 87' lang='lat' dir='ltr'>victor</span> <span class='ocrx_word' id='word_1_157' title='bbox 811 2080 952 2111; x_wconf 84' lang='lat' dir='ltr'>ovans</span> <span class='ocrx_word' id='word_1_158' title='bbox 973 2070 1156 2122; x_wconf 83' lang='lat' dir='ltr'>vestigia</span> <span class='ocrx_word' id='word_1_159' title='bbox 1170 2082 1324 2123; x_wconf 73' lang='lat' dir='ltr'>presso</span> 
     </span>
     <span class='ocr_line' id='line_1_27' title="bbox 245 2141 1349 2197; baseline 0.004 -16"><span class='ocrx_word' id='word_1_160' title='bbox 245 2141 374 2182; x_wconf 89' lang='lat' dir='ltr'>Haud</span> <span class='ocrx_word' id='word_1_161' title='bbox 395 2142 541 2182; x_wconf 85' lang='lat' dir='ltr'>tenuit</span> <span class='ocrx_word' id='word_1_162' title='bbox 561 2141 748 2182; x_wconf 87' lang='lat' dir='ltr'>titubata</span> <span class='ocrx_word' id='word_1_163' title='bbox 767 2141 888 2188; x_wconf 87' lang='lat' dir='ltr'>solo;</span> <span class='ocrx_word' id='word_1_164' title='bbox 912 2141 990 2183; x_wconf 85' lang='lat' dir='ltr'>sed</span> <span class='ocrx_word' id='word_1_165' title='bbox 1004 2151 1173 2194; x_wconf 80' lang='lat' dir='ltr'>pronus</span> <span class='ocrx_word' id='word_1_166' title='bbox 1187 2141 1234 2183; x_wconf 82' lang='lat' dir='ltr'>in</span> <span class='ocrx_word' id='word_1_167' title='bbox 1250 2143 1349 2197; x_wconf 85' lang='lat' dir='ltr'>ipso</span> 
     </span>
     <span class='ocr_line' id='line_1_28' title="bbox 245 2209 1335 2265; baseline 0.004 -16"><span class='ocrx_word' id='word_1_168' title='bbox 245 2209 452 2252; x_wconf 75' lang='lat' dir='ltr'>Concidit</span> <span class='ocrx_word' id='word_1_169' title='bbox 472 2209 792 2263; x_wconf 85' lang='lat' dir='ltr'>immundoque</span> <span class='ocrx_word' id='word_1_170' title='bbox 810 2209 914 2252; x_wconf 81' lang='lat' dir='ltr'>fimo</span> <span class='ocrx_word' id='word_1_171' title='bbox 927 2222 1143 2265; x_wconf 83' lang='lat' dir='ltr'>sacroque</span> <span class='ocrx_word' id='word_1_172' title='bbox 1158 2222 1335 2256; x_wconf 87' lang='lat' dir='ltr'>cruore.</span> 
     </span>
     <span class='ocr_line' id='line_1_29' title="bbox 246 2279 1372 2332; baseline 0.003 -12"><span class='ocrx_word' id='word_1_173' title='bbox 246 2280 277 2320; x_wconf 82' lang='lat' dir='ltr'>N</span> <span class='ocrx_word' id='word_1_174' title='bbox 286 2290 345 2320; x_wconf 89' lang='lat' dir='ltr'>on</span> <span class='ocrx_word' id='word_1_175' title='bbox 370 2284 519 2323; x_wconf 86' lang='lat' dir='ltr'>tamen</span> <span class='ocrx_word' id='word_1_176' title='bbox 538 2279 732 2332; x_wconf 72' lang='lat' dir='ltr'>Euryali,</span> <span class='ocrx_word' id='word_1_177' title='bbox 753 2290 846 2322; x_wconf 88' lang='lat' dir='ltr'>non</span> <span class='ocrx_word' id='word_1_178' title='bbox 865 2280 938 2322; x_wconf 91' lang='lat' dir='ltr'>ille</span> <span class='ocrx_word' id='word_1_179' title='bbox 959 2281 1120 2324; x_wconf 87' lang='lat' dir='ltr'>oblitus</span> <span class='ocrx_word' id='word_1_180' title='bbox 1137 2293 1339 2324; x_wconf 87' lang='lat' dir='ltr'>amorum</span> <span class='ocrx_word' id='word_1_181' title='bbox 1364 2300 1372 2322; x_wconf 72' lang='grc' dir='ltr'>ε</span> 
     </span>
     <span class='ocr_line' id='line_1_30' title="bbox 247 2350 1348 2406; baseline 0.004 -15"><span class='ocrx_word' id='word_1_182' title='bbox 247 2353 353 2392; x_wconf 76' lang='lat' dir='ltr'>Nam</span> <span class='ocrx_word' id='word_1_183' title='bbox 374 2361 467 2392; x_wconf 85' lang='lat' dir='ltr'>sese</span> <span class='ocrx_word' id='word_1_184' title='bbox 485 2350 696 2405; x_wconf 77' lang='lat' dir='ltr'>opposuit</span> <span class='ocrx_word' id='word_1_185' title='bbox 713 2351 830 2392; x_wconf 84' lang='lat' dir='ltr'>Salio</span> <span class='ocrx_word' id='word_1_186' title='bbox 847 2362 929 2404; x_wconf 79' lang='lat' dir='ltr'>per</span> <span class='ocrx_word' id='word_1_187' title='bbox 949 2351 1118 2394; x_wconf 83' lang='lat' dir='ltr'>lubrica</span> <span class='ocrx_word' id='word_1_188' title='bbox 1137 2364 1321 2406; x_wconf 81' lang='lat' dir='ltr'>surgens</span> <span class='ocrx_word' id='word_1_189' title='bbox 1338 2370 1348 2399; x_wconf 85' lang='lat'>;</span> 
     </span>
     <span class='ocr_line' id='line_1_31' title="bbox 247 2420 1216 2474; baseline 0.001 -12"><span class='ocrx_word' id='word_1_190' title='bbox 247 2421 322 2463; x_wconf 86' lang='lat' dir='ltr'>lllc</span> <span class='ocrx_word' id='word_1_191' title='bbox 342 2424 486 2463; x_wconf 74' lang='lat' dir='ltr'>autem</span> <span class='ocrx_word' id='word_1_192' title='bbox 507 2422 640 2474; x_wconf 79' lang='lat' dir='ltr'>spissa</span> <span class='ocrx_word' id='word_1_193' title='bbox 662 2420 802 2472; x_wconf 78' lang='lat' dir='ltr'>jacuit.</span> <span class='ocrx_word' id='word_1_194' title='bbox 820 2422 1045 2465; x_wconf 81' lang='lat' dir='ltr'>revolutus</span> <span class='ocrx_word' id='word_1_195' title='bbox 1067 2433 1216 2465; x_wconf 48' lang='lat' dir='ltr'>alena.</span> 
     </span>
    </p>
   </div>
   <div class='ocr_carea' id='block_1_3' title="bbox 1325 2505 1384 2545">
    <p class='ocr_par' dir='ltr' id='par_1_4' title="bbox 1325 2505 1384 2545">
     <span class='ocr_line' id='line_1_32' title="bbox 1325 2505 1384 2545; baseline 0 -3"><span class='ocrx_word' id='word_1_196' title='bbox 1325 2505 1384 2545; x_wconf 80' lang='grc'>17.</span> 
     </span>
    </p>
   </div>
  </div>
 </body>
</html>
