1917 2942
246 341 318 378 105
780 333 944 371 LIBER
977 333 1008 369 1.
1497 329 1539 367 61

243 423 407 468 136131,
428 422 578 474 etipsa
592 431 689 461 suas
709 420 927 459 mirantur
943 420 1137 470 Gargara
1151 427 1325 457 messes.

296 492 409 542 Quid
428 491 593 537 dicam,
615 492 732 541 jacto
754 489 825 542 qui
844 488 1012 529 semine
1028 486 1274 529 comminus
1291 497 1393 526 arva

244 563 495 616 Insequitur
514 560 798 612 cumulosque
820 559 908 600 ruit
923 559 1034 598 male
1051 558 1223 609 pinguis
1244 558 1416 598 arente?

245 630 409 673 Deinde
431 630 532 670 satis
554 628 736 670 ssuvium
759 625 953 673 inducit,
972 627 1176 679 rivosque
1192 627 1454 678 sequentes?

243 704 297 743 Et
316 732 324 747 ‚
345 711 480 754 quum
498 700 670 741 exustus
691 709 794 750 ager
824 697 1113 738 morientibus
1130 698 1284 736 aestuat
1306 695 1450 737 herbis
1468 728 1474 738 ,

241 774 354 813 Ecce
373 769 609 822 supercilio
630 767 781 810 clivosi
800 768 984 807 tramitis
1003 765 1167 807 undam

244 839 374 880 Elicit
393 836 493 878 :illa
512 836 674 879 cadens
692 846 876 878 raucum
892 847 970 889 per
992 835 1103 876 levia
1118 845 1317 875 murmur

241 911 345 948 Saxa
364 908 475 954 ciet,
499 907 792 958 scatebrisque
821 905 989 947 arentia
1001 906 1219 957 temperat
1244 916 1362 946 arva.

242 975 379 1027 Quid,
399 977 495 1030 qui,
514 987 569 1016 ne
584 975 773 1028 gravidis
789 973 1049 1028 procumbat
1066 975 1233 1015 culmus
1249 974 1390 1015 aristis
1402 1005 1411 1021 ,

243 1046 476 1086 Luxuricm
494 1049 689 1097 segetum
710 1045 857 1085 tenera
877 1042 1071 1095 depaseit
1089 1041 1135 1082 iu
1155 1041 1312 1091 herba,

241 1119 387 1165 Quum
406 1117 599 1169 primum
618 1116 758 1157 sulcos
776 1117 951 1167 aequant
968 1114 1091 1154 sata?
1115 1114 1277 1165 quique
1298 1114 1465 1168 paludis

241 1186 484 1227 Collectum
498 1185 729 1226 humorem
746 1183 894 1225 bibula
917 1181 1095 1224 deducit
1110 1193 1242 1224 arena
1258 1184 1277 1222 Ρ

243 1256 490 1296 Praesertim
507 1254 684 1297 incertis
704 1255 739 1295 si
766 1251 987 1295 mensibus
1003 1251 1140 1292 31111115
1161 1252 1386 1293 abundans

246 1323 363 1372 Exit,
387 1326 430 1365 et
452 1323 643 1365 obducto
662 1324 747 1365 1316
769 1323 889 1363 tenet
907 1321 1053 1363 omnia
1071 1322 1203 1363 limo:

246 1393 371 1435 Unde
391 1404 506 1435 cavae
528 1393 675 1446 tepido
704 1391 864 1434 sudant
881 1391 1065 1433 humore
1085 1393 1266 1433 lacunae.
1404 1391 1548 1449 [bores

297 1465 384 1505 Nec
398 1465 554 1508 tamen,
569 1461 663 1503 haec
678 1471 812 1514 quum
826 1462 890 1502 sin
900 1460 1241 1512 thominumque
1254 1461 1475 1515 boumque
1493 1465 1546 1505 1.·1-

245 1531 471 1573 Versando
491 1535 651 1573 terram
672 1532 860 1584 experti,
884 1529 993 1570 nihil
1010 1530 1236 1582 improbus
1253 1542 1393 1577 anser.
1487 1522 1489 1524 ’

244 1601 593 1654 Strymoniaeque
613 1612 764 1653 grues,
788 1603 831 1643 et
851 1602 1009 1641 amaris
1022 1600 1174 1641 intuba
1192 1600 1309 1642 fibris

244 1668 479 1716 Officiunt,
501 1673 575 1711 aut
589 1670 742 1712 umbra
763 1672 910 1712 nocet.
927 1672 1058 1712 Pater
1076 1670 1167 1723 ipse
1187 1671 1360 1712 colendi

245 1740 373 1781 Haud
392 1739 563 1782 facilem
582 1751 673 1782 esse
689 1741 807 1782 viam
826 1740 968 1781 voluit
985 1755 995 1788 3
1023 1740 1276 1792 primusque
1295 1752 1374 1793 per
1394 1745 1529 1783 arteni

244 1809 377 1850 Movit
391 1819 515 1862 agros
533 1839 543 1856 ‚
563 1809 678 1851 curis
693 1819 852 1850 acuens
868 1808 1069 1849 mortalia
1087 1806 1244 1856 corda;

243 1881 330 1920 Nec
348 1879 519 1933 torpere
538 1878 660 1930 gravi
680 1890 827 1931 passus
845 1889 922 1919 sua
939 1889 1075 1930 regua
1091 1880 1289 1919 veterno.

244 1950 361 1990 Ante
380 1952 536 1990 δον-6111
558 1948 666 1990 1111111
689 1948 948 2001 subigebant
965 1958 1067 1988 arva
1087 1947 1232 1990 coloni
1250 1963 1260 1995 ς

244 2019 306 2059 Ne
323 2020 496 2070 signare
513 2018 690 2071 qiudeni
707 2020 781 2059 aut
796 2019 944 2071 partiri
959 2018 1097 2058 limite
1113 2027 1317 2071 campum

245 2091 324 2131 Fas
345 2095 462 2137 erat3
489 2091 533 2130 in
555 2089 749 2131 medium
769 2089 1044 2142 quaerebant,
1067 2091 1243 2143 ipsaque
1262 2091 1385 2132 tellus

247 2158 407 2198 Omnia
421 2158 599 2199 liberius
617 2187 625 2203 ‚
649 2158 770 2198 nullo
789 2160 1013 2210 poscente,
1038 2157 1215 2200 serebat.

246 2226 322 2267 Ille
338 2226 502 2267 malum
519 2227 639 2266 virus
657 2226 928 2278 serpentibus
948 2226 1114 2267 addidit
1133 2228 1235 2269 atris
1256 2260 1263 2275 ‚

247 2293 525 2348 praedarique.
541 2295 667 2348 lupos
676 2297 824 2347 jussit,
847 2299 1120 2350 pontumque
1139 2300 1306 2341 moveri
1321 2315 1331 2345 2

249 2367 460 2420 Mellaque
480 2365 669 2408 decussit
690 2364 801 2408 foliis
819 2399 828 2414 ‚
854 2367 1089 2421 ignemque
1108 2369 1318 2415 removit,

249 2435 300 2474 Et-
320 2437 478 2488 passim
494 2436 597 2477 rivis
615 2438 836 2479 currentia
853 2437 953 2477 vina
982 2440 1208 2490 rep1·essit;
