1917 2942
291 360 366 400 (42
816 362 901 401 AEN
911 362 1072 402 EIDOS
1527 364 1593 403 ¹84

282 450 448 488 Navem
466 447 512 487 in
531 449 768 499 conspectu
791 447 981 496 nnllam3
1004 452 1091 490 tres
1109 447 1239 490 litore
1259 459 1414 491 cervos

284 516 509 570 'prospicit
525 519 721 558 errantes
735 531 746 562 ;
762 514 843 558 hos
863 519 953 559 tota
973 518 1171 560 armenta
1184 519 1428 571 sequuntur

287 593 318 627 A
343 588 482 638 tergo,
508 588 552 627 et
571 585 753 638 longum
773 597 853 640 per
872 588 1006 629 valles
1029 588 1220 641 pascitur
1239 598 1414 639 agmen.

283 656 487 696 Constitit
505 654 592 704 hic,
611 666 851 709 arcumque
870 668 1001 698 manu
1023 658 1276 708 celeresque
1292 658 1469 710 sagittas

283 726 523 779 Corripuit,
552 724 663 766 fidus
684 736 781 777 quae
803 726 887 768 tela
905 726 1086 778 gerebat
1101 727 1288 768 Achates
1307 743 1317 772 ;

285 796 587 847 Ductoresque
606 796 723 848 ipsos
744 795 949 848 primum,
971 796 1113 849 capita
1132 796 1217 836 alta
1236 795 1425 838 serentes

283 863 496 905 cor-nibus
512 864 724 913 arboreis,
741 865 920 912 sternit3
947 868 1039 907 tum
1057 865 1214 917 vulgus
1228 898 1237 913 ‚
1259 868 1302 907 et
1322 876 1499 907 omnem

283 933 435 975 Miscet
451 944 583 985 agens
602 933 694 975 telis
714 945 896 976 nemora
913 933 1030 975 inter
1047 934 1232 976 frondea
1250 936 1439 976 turbam.

284 1004 377 1044 Nec
398 1003 518 1054 prius
538 1003 720 1051 absistit,
744 1015 876 1056 quam
895 1005 1064 1057 septem
1083 1004 1280 1055 ingentia
1297 1005 1442 1046 victor

285 1075 479 1125 Corpora
500 1071 655 1113 fundat
668 1072 809 1120 humi,
825 1075 869 1115 et
882 1084 1118 1115 numerum
1133 1084 1235 1114 cum
1247 1074 1430 1115 navibus
1443 1080 1601 1127 aequet.

288 1142 403 1183 Hinc
424 1146 602 1196 portum
623 1143 746 1195 petit,
769 1144 812 1183 et
828 1144 970 1185 socios
991 1144 1180 1195 partitur
1194 1144 1238 1183 in
1257 1153 1428 1186 omnes.

291 1213 401 1254 Vina
415 1213 559 1254 bonus
575 1223 672 1265 quae
695 1212 853 1255 deinde
875 1212 992 1255 cadis
1013 1216 1222 1255 onerarat
1241 1216 1419 1255 Acestes

287 1282 440 1324 Litore
455 1282 699 1331 Trinacrio,
724 1282 995 1335 dederatque
1022 1282 1283 1325 abeuntibus
1299 1283 1444 1330 heros,

289 1351 469 1400 Dividit,
494 1357 536 1394 et
553 1352 679 1394 dictis
700 1354 934 1394 moerentia
952 1358 1133 1406 pectora
1148 1353 1339 1395 mulcet:

346 1436 360 1457 a
386 1423 421 1460 Ο
445 1422 554 1463 socii
575 1430 582 1463 ι’
594 1432 738 1474 neque
757 1423 875 1463 enim
894 1423 1040 1474 ignari
1057 1434 1206 1464 sumus
1225 1425 1328 1465 ante
1348 1422 1602 1473 malorum),

289 1493 325 1529 O
349 1492 464 1542 passi
482 1492 687 1543 graviora
705 1522 713 1537 ,
737 1490 858 1532 dabit
874 1491 979 1533 deus
994 1491 1060 1532 his
1081 1503 1258 1546 quoque
1275 1492 1421 1534 linem.

293 1563 378 1601 vos
396 1565 439 1602 et
456 1561 684 1611 Scyllaeam
706 1560 872 1603 rabiem
896 1561 1159 1613 penitusque
1178 1564 1385 1604 sonantes

293 1631 493 1672 Adcestis
515 1631 720 1683 scopulos
744 1647 754 1671 :
774 1642 852 1672 vos
871 1637 913 1673 et
933 1632 1141 1684 Cyclopia
1166 1642 1267 1673 saxa

293 1702 488 1754 Experti.
513 1703 736 1743 Revocate
762 1701 944 1747 animos,
976 1705 1273 1754 incestumque
1295 1702 1500 1742 timorem

294 1771 465 1812 Mittite.
488 1772 653 1812 Forsan
670 1774 713 1813 et
730 1771 826 1812 liaec
844 1770 948 1811 olim
967 1770 1220 1813 meminisse
1238 1770 1422 1820 juvabit.

298 1844 380 1882 Per
394 1841 540 1881 varios
560 1852 700 1890 casus,
718 1851 797 1893 per
817 1845 879 1882 tot
900 1840 1157 1882 discrimina
1174 1851 1323 1882 rerum

291 1911 531 1953 Tendimus
549 1912 595 1952 in
616 1911 786 1953 Latium
807 1944 816 1955 ,
839 1911 964 1954 sedes
987 1911 1057 1952 ubi
1079 1910 1164 1952 fata
1178 1911 1346 1964 quietas

293 1980 556 2023 ostendunt.
576 1981 670 2023 Illic
689 1980 750 2023 fas
770 1992 907 2035 regna
924 1992 1153 2032 resurgere
1171 1982 1313 2031 Trojae
1333 1996 1342 2019 :

298 2053 475 2099 Durate,
495 2054 539 2093 et
558 2056 727 2093 vosmet
747 2051 877 2093 rebus
891 2055 1063 2093 servale
1081 2050 1301 2092 secundis.
1323 2065 1341 2088 ι»

346 2122 464 2162 Talia
486 2133 594 2165 voce
613 2122 766 2171 rei'ert3
789 2123 992 2174 curisque
1011 2121 1261 2173 ingentibus
1285 2131 1400 2173 aeger

296 2196 429 2245 Spem
447 2193 569 2233 vultu
590 2192 779 2238 simulat,
800 2192 964 2246 premit
982 2191 1117 2232 altum
1138 2191 1271 2234 corde
1292 2190 1509 2232 dolorem.

301 2263 364 2303 illi
381 2273 426 2304 se
442 2261 602 2314 praedae
619 2261 872 2314 adcinguut‚
896 2260 1168 2316 dapibusque
1186 2258 1342 2302 futuris
1360 2276 1370 2300 :

297 2334 491 2384 Tergora
511 2330 735 2385 deripiunt
754 2331 898 2378 costis,
921 2334 965 2372 et
984 2330 1153 2372 viscera
1172 2330 1359 2371 nudant.

300 2405 406 2444 Pars
423 2404 469 2443 in
490 2401 625 2444 frusta
641 2406 804 2451 secant,
829 2401 1094 2454 veribusque
1115 2401 1349 2448 trementia
1364 2399 1530 2453 figunt;

296 2473 447 2516 Litore
465 2484 574 2516 aena
589 2473 736 2515 locant
755 2473 841 2521 alii,
863 2470 1146 2524 flammasque
1166 2470 1439 2519 ininistrant3
