1917 2942
202 309 275 349 606
737 310 895 349 LIBER
924 312 973 349 X.
1415 311 1491 349 1105

247 399 467 438 Junonem
489 395 657 437 interea
680 396 913 449 compellat
933 399 957 436 J
964 397 1138 449 uppitei·
1158 396 1300 438 ultro:

198 464 224 502 'a
246 469 280 506 Ο
301 477 507 518 germana
524 466 629 507 mihi
651 470 781 518 atque
797 467 949 509 eadem
969 467 1213 518 gratissima
1236 454 1419 520 conjux,

204 539 254 577 Ut
269 537 433 582 rebare.
457 539 601 579 Venus
621 537 781 587 (necte
797 538 1013 579 sententia
1029 535 1139 578 fallit
1155 542 1184 589 )‚

202 607 404 656 ‘l'rojanas
422 607 638 648 sustentat
657 616 761 658 opes
780 622 789 652 ;
814 617 904 647 non
925 605 1068 647 vivida
1087 605 1202 647 bello

203 680 360 719 Dextra
374 677 504 722 viris,
527 677 785 730 animusque
804 675 924 718 ferox
939 709 947 724 ‚
964 677 1221 730 patiensque
1241 676 1412 729 pericli.
1438 692 1454 712 n

252 747 332 788 Cui
349 749 467 788 Juuo
487 747 723 788 submissa:
744 763 759 782 a
782 748 911 797 Quid,
937 759 963 788 o
982 746 1284 801 pulcherrime
1301 748 1477 798 conjux.

205 814 419 855 Sollicitas
441 826 601 868 {egram
616 847 627 866 ‚
651 820 695 857 et
714 818 786 857 tua
809 816 945 857 tristia
966 815 1082 857 dicta
1106 816 1331 857 timentem
1349 816 1368 854 ἱ)

206 884 243 924 Si
264 884 367 926 mihi
387 914 397 934 ,
421 896 516 937 quae
534 886 756 937 quondam
777 884 940 928 suerat.
960 896 1176 938 quamque
1194 897 1286 928 esse
1307 886 1502 932 decebat,

207 954 277 995 Vis
294 954 339 993 in
356 964 505 995 amore
526 953 663 1000 foret,
695 964 787 995 non
805 954 889 995 hoc
905 955 1014 995 mihi
1034 965 1221 1007 namque
1241 965 1448 1008 negares,

206 1023 492 1077 Omnipotens
508 1056 517 1070 ,
540 1025 644 1076 quin
661 1026 705 1066 et
724 1035 882 1077 pugnae
897 1023 1144 1066 subducere
1157 1027 1356 1066 Turnum
1369 1055 1379 1071 ,

207 1096 258 1133 Et
280 1095 432 1134 Dauno
447 1103 614 1146 possem
630 1093 901 1135 incolumem
918 1105 1091 1136 servare
1106 1095 1294 1146 parenti.

208 1166 329 1204 Nunc
348 1167 496 1217 pereat
514 1195 523 1209 ‚
546 1164 812 1216 Teucrisque
830 1165 902 1216 pio
920 1164 994 1205 det
1011 1164 1223 1216 sanguine
1240 1176 1407 1219 poenas.

209 1231 284 1272 Ille
302 1234 448 1274 tamen
464 1236 613 1274 nostra
636 1232 816 1276 deducit
831 1234 1001 1285 origine
1021 1244 1184 1276 nomen
1208 1265 1217 1282 ‚

212 1302 522 1356 Pilumnusque
539 1302 608 1343 illi
627 1305 810 1355 quartus
829 1308 980 1357 pater3
1011 1305 1056 1345 et
1076 1306 1147 1344 tua
1162 1305 1284 1356 larga

209 1373 327 1423 Saepe
344 1382 476 1413 manu
499 1372 733 1424 multisque
753 1373 953 1413 oneravit
972 1372 1125 1414 limina
1146 1371 1292 1414 donis.
1314 1388 1331 1410 u

259 1440 336 1479 Cui
355 1450 429 1481 rex
448 1440 623 1483 [etherei
647 1440 841 1483 breviter
859 1441 922 1483 sic
938 1440 1054 1482 fatur
1071 1441 1276 1495 Olympi:

217 1524 230 1542 «
252 1508 293 1548 Si
313 1519 435 1549 mora
454 1509 681 1562 praesentis
708 1509 804 1555 leti,
833 1514 1089 1563 tempusque
1109 1509 1278 1555 caduco

215 1578 372 1619 oratur
379 1578 530 1629 juveni
550 1610 557 1625 ,
576 1589 735 1631 meque
754 1579 838 1621 hoc
857 1579 916 1621 ita
935 1575 1101 1632 po'nere
1120 1580 1255 1622 sentis
1274 1612 1282 1628 ‚

214 1648 330 1689 Tolle
349 1647 448 1700 tuga
467 1652 689 1695 Turnum.
710 1651 840 1702 atque
868 1650 1136 1692 instanthus
1153 1650 1276 1703 eripe
1295 1648 1407 1692 fatis.

217 1721 433 1760 Hactenus
450 1719 682 1761 indulsisse
705 1722 847 1762 vacat.
877 1719 953 1760 Sin
972 1717 1106 1761 altior
1124 1719 1214 1762 istis

216 1789 298 1829 Sul)
315 1788 516 1839 precibus
536 1790 665 1829 venia
687 1788 772 1830 ulla
789 1788 892 1830 latet
911 1819 920 1834 ,
941 1790 1171 1842 totumque
1191 1791 1357 1831 moveri

218 1859 428 1899 mutarive
448 1859 576 1911 putas
596 1857 764 1901 bellum
781 1875 792 1907 ;
812 1870 907 1912 spes
925 1860 1066 1911 pascis
1088 1859 1255 1902 inanes.

219 1928 297 1969 Cui
314 1931 432 1970 Juno
449 1928 752 1980 adlacrymaus
771 1946 781 1969 ε
803 1945 819 1967 «
838 1928 952 1980 Quid
972 1929 1022 1975 si,
1039 1929 1157 1981 quod
1172 1940 1282 1973 voce
1298 1932 1515 1983 gravaris,

221 1999 363 2040 Mente
380 1997 526 2045 dares3
547 2000 677 2050 atque
693 1998 788 2041 haec
803 2001 953 2040 Turno
969 2002 1063 2041 rata
1079 1998 1169 2040 vita
1187 2001 1385 2041 maneret
1401 2002 1411 2040 ἰ

222 2068 348 2109 Nunc
368 2069 516 2110 manet
535 2068 752 2110 insontem
774 2069 916 2121 gravis
935 2070 1098 2111 exitus:
1131 2071 1206 2110 aut
1222 2080 1302 2123 ego
1321 2072 1414 2112 veri

224 2140 341 2179 Vana
365 2137 496 2179 seror.
517 2138 641 2188 Quod
665 2140 713 2178 ut
733 2148 759 2178 o
779 2138 924 2190 potius
945 2136 1177 2179 formidine
1199 2137 1304 2179 salsa

225 2207 380 2254 Ludar,
404 2210 447 2248 et
466 2208 511 2247 in
527 2208 682 2248 melius
704 2210 798 2254 tua,
830 2209 902 2260 qui
920 2209 1044 2259 potes
1065 2240 1073 2253 ,
1096 2218 1189 2249 ors-'1
1209 2207 1424 2249 reflectas!
1446 2224 1463 2244 n

279 2279 381 2319 ilaec
400 2276 472 2317 ubi
493 2276 609 2318 dicta
628 2275 771 2322 dedii,
797 2276 910 2319 coelo
929 2286 973 2317 se
992 2276 1193 2329 protinus
1209 2276 1297 2317 aito

229 2345 365 2395 Misit,
387 2355 517 2397 agens
537 2343 725 2385 hiemem
745 2343 896 2385 nimbo
913 2342 1133 2386 succincta
1156 2354 1231 2398 per
1247 2355 1397 2385 auras:

228 2411 489 2467 Iliacamque
503 2411 641 2455 aciem
661 2412 704 2454 et
719 2412 949 2457 Laurentia
970 2413 1113 2454 castra
1131 2410 1299 2465 petivit.
