1917 2942
1473 338 1497 375 01

1503 340 1523 375 <A

1527 338 1551 375 Gt

246 336 268 373 7
621 332 876 373 AENEIDOS
905 334 1072 373 LIBER
1096 334 1171 374 lx.

248 419 466 466 Auderet,
489 419 710 462 volvenda
725 420 817 462 dies
833 430 890 462 en
905 417 1065 461 adtulit
1084 419 1221 461 ultro.

245 493 397 532 AEneas
416 489 525 533 urbe
543 520 553 536 ,
576 493 621 531 et
636 489 767 531 sociis
783 520 794 539 ‚
817 492 861 532 et
880 489 1018 531 classe
1039 489 1195 531 relicta
1209 521 1219 536 .

241 562 422 612 Sceptra
441 558 633 600 Palatini
649 558 885 610 sedemque
904 558 1017 613 petit
1029 557 1236 600 Evandri.

245 629 333 670 Nec
353 629 482 670 satis:
500 630 715 671 extremas
736 627 918 680 Corythi
941 627 1191 680 penetravit
1211 626 1267 669 ad
1284 628 1441 677 urbes;

241 698 554 752 Lydorumque
574 710 752 740 manum
767 728 777 745 ‚
798 698 1008 741 collectos
1027 700 1171 740 armat
1185 702 1390 750 agrestes.

238 766 353 815 Quid
369 765 572 808 dubitas?
593 777 716 809 nunc
738 771 910 819 tempus
930 777 1083 819 equos,
1109 777 1230 808 nunc
1248 777 1431 821 poscere
1451 779 1550 810 cur·

241 836 412 890 Rumpe
428 847 576 878 moras
597 847 767 888 omnes,
784 840 827 878 et
848 835 1021 878 turbata
1036 835 1187 890 adripe
1203 840 1362 879 castra.
1377 852 1396 875 n
1440 839 1546 889 [rus.

290 904 433 952 Dixit,
452 905 559 947 etin
578 907 738 948 ccelum
758 906 932 956 paribus
948 915 994 946 se
1009 906 1183 947 sustulit
1195 905 1307 956 valis;

239 973 560 1028 lugentemque
580 973 683 1024 fuga
700 975 840 1017 secuit
855 975 934 1015 sub
955 975 1148 1017 nubibus
1169 986 1337 1022 arcum.

237 1042 458 1095 Adgnovit
470 1043 644 1096 juvenis
658 1074 668 1090 ,
691 1043 979 1098 duplicesque
998 1044 1053 1086 ad
1070 1044 1212 1086 sidera
1230 1046 1397 1098 palmas

235 1112 441 1159 Sustulit,
464 1116 508 1154 et
530 1113 604 1154 tali
623 1110 865 1164 fugientem
882 1116 947 1155 est
965 1124 1076 1155 voce
1093 1117 1268 1156 secutus
1287 1127 1297 1151 z

240 1197 256 1219 α
279 1183 362 1228 Iri,
385 1181 520 1223 decus
540 1181 640 1223 coeli
654 1213 664 1230 ,
685 1182 782 1234 quis
798 1184 840 1224 te
859 1182 968 1222 mihi
983 1182 1175 1225 nubibus
1190 1186 1335 1225 actam

236 1249 396 1291 Detulit
416 1250 464 1291 in
482 1250 648 1291 terras?
667 1249 786 1291 unde
800 1249 896 1292 haec
915 1253 1005 1291 tani
1022 1253 1139 1293 clara
1159 1255 1343 1304 repente

232 1318 511 1371 Tempestas?
529 1317 725 1360 medium
743 1317 873 1360 video
895 1318 1124 1361 discedere
1143 1321 1306 1361 coelum
1322 1350 1334 1370 ‚

234 1387 523 1439 Palantesque
540 1387 643 1439 polo
658 1387 818 1428 stellas.
834 1390 1003 1441 Sequor
1019 1389 1169 1429 omina
1184 1391 1307 1430 tanta
1320 1419 1331 1435 ‚

234 1456 437 1508 Quisquis
459 1455 506 1496 in
522 1467 641 1497 arma
656 1466 807 1499 vocas.
827 1473 844 1496 ι»
872 1460 924 1498 Et
944 1457 1008 1500 sic
1023 1454 1203 1506 effatus,
1225 1458 1280 1499 acl
1296 1458 1463 1500 undam

234 1524 474 1570 Processit,
498 1535 758 1578 summoque
773 1523 920 1566 hausit
937 1524 991 1567 de
1012 1527 1187 1579 gurgite
1207 1526 1433 1580 lymphas,

234 1595 371 1635 Multa
392 1593 497 1636 deos
515 1606 646 1636 orans
660 1611 670 1643 ;
691 1595 979 1648 oneravitque
995 1594 1155 1637 aetliera
1171 1596 1303 1637 votis.

282 1667 469 1718 Jamque
489 1665 633 1706 omnis
651 1665 815 1719 campis
834 1665 1054 1707 exercitus
1072 1665 1163 1706 ibat
1179 1667 1340 1719 apertis
1354 1699 1367 1718 ,

230 1735 358 1777 Dives
382 1735 566 1787 equum.
588 1734 710 1779 dives
730 1737 864 1790 pictai
881 1735 1014 1777 vestis
1032 1740 1074 1777 et
1090 1735 1208 1778 auri.

229 1806 450 1858 Messapus
469 1805 634 1859 primas
654 1806 794 1851 acies.
818 1811 1039 1859 postrema
1057 1806 1268 1857 coercent

226 1874 449 1926 Tyrrhidae
464 1877 649 1927 ,iuvenes
672 1888 681 1912 z
708 1875 855 1919 medio
875 1874 964 1916 dux
980 1877 1157 1928 agmine
1177 1880 1352 1918 Turnus

226 1944 444 1993 (Vertitur
464 1957 583 1988 arma
604 1948 779 1992 tenens.
804 1951 847 1989 et
868 1949 960 1988 toto
981 1947 1143 1989 vertice
1163 1958 1295 2000 supra
1315 1949 1395 1995 est)
1418 1965 1428 1988 :

225 2015 313 2056 Ceu
329 2019 495 2068 septem
516 2027 699 2068 surgens
718 2016 878 2058 sedatis
897 2016 1099 2057 amnibus
1116 2016 1229 2058 altus

226 2086 312 2127 Per
334 2087 515 2128 tacitum
530 2088 724 2139 Ganges,
746 2090 823 2127 aut
842 2086 997 2139 pingui
1019 2085 1200 2128 flumine
1222 2086 1374 2134 Nilus.

226 2157 368 2204 Quum
388 2155 536 2197 refluit
553 2156 720 2210 campis
737 2187 748 2208 ,
772 2159 816 2197 et
830 2159 922 2208 jam
942 2167 989 2197 se
1009 2156 1213 2198 condidit
1231 2157 1375 2200 alveo.

226 2224 309 2266 Hie
328 2225 514 2266 subitam
530 2225 658 2278 nigro
683 2226 924 2277 glomerari
943 2228 1125 2280 pulvere
1142 2228 1309 2270 nubem

222 2295 500 2348 Prospiciuut
519 2297 695 2342 Teucri,
720 2307 771 2338 ac
790 2296 994 2339 tenebras
1012 2296 1239 2350 insurgere
1254 2300 1438 2354 campis,

225 2364 401 2407 Primus
421 2366 474 2407 ab
499 2364 681 2407 adversa
704 2367 954 2408 conclamat
973 2368 1088 2409 mole
1108 2367 1261 2410 Caicus
1282 2381 1292 2405 t

228 2449 243 2470 ι
264 2436 368 2485 Quis
384 2436 562 2489 globus,
589 2447 616 2478 ο
630 2437 746 2480 cives
760 2469 770 2484 ,
789 2437 978 2490 caligine
993 2438 1188 2481 volvitur
1202 2443 1318 2482 atra!
