1917 2942
255 293 332 331 585
779 296 938 334 LIBER
972 299 1040 336 lv,
1497 308 1518 344 2

258 376 419 418 Adnixi
436 378 648 430 torquent
664 389 865 432 spumas.
887 383 931 421 et
948 383 1108 423 caerula
1133 390 1331 428 verrunt.

309 449 362 486 Et
374 447 464 497 jam
487 447 631 498 prima
652 459 769 490 novo
790 451 1028 502 spargebat
1047 452 1216 496 lumine
1236 456 1378 497 terras

255 516 434 557 Tithoni
446 527 655 559 croceum
670 517 878 570 linquens
900 523 1076 563 Aurora
1091 523 1255 566 cubile.

258 587 423 638 Regina
441 599 464 629 e
484 586 675 639 speculis
692 591 743 629 ut
762 589 955 641 primum
973 591 1191 635 albescere
1220 594 1364 637 lucem

258 656 399 703 Vidit,
423 658 467 698 et
484 658 665 709 aequatis
683 660 867 700 classem
887 661 1129 712 procedere
1148 663 1259 705 velis
1272 694 1283 711 ‚

254 725 489 778 Litoraque
505 728 549 765 et
568 737 730 768 vacuos
752 729 892 769 sensit
910 730 1007 771 sine
1028 731 1197 777 remige
1214 735 1397 785 portus:

254 797 426 846 Terque
443 800 686 848 quaterque
706 807 841 837 manu
856 801 1010 850 pectus
1031 811 1234 852 percussa
1256 802 1494 854 decorum,

255 864 570 918 Flaventesque
585 866 771 909 abscissa
789 876 953 917 comas,
974 868 1123 910 «Proh
1142 873 1167 909 J
1171 872 1369 924 uppiter!
1393 875 1474 917 ibit

255 935 360 979 Hic,
385 934 468 983 ait,
490 938 535 977 et
549 936 711 977 nostris
727 936 915 979 illuserit
931 938 1100 980 advena
1118 941 1296 992 regnis?

253 1005 353 1045 Non
372 1015 492 1045 arma
509 1004 767 1057 expedient,
794 1008 971 1058 totaque
992 1018 1043 1050 ex
1059 1007 1168 1050 urbe
1187 1019 1441 1063 sequentur,

255 1071 575 1126 DeripIentque
597 1075 711 1115 rates
728 1074 798 1115 alii
820 1075 1085 1129 navalibus?
1107 1080 1173 1120 Ite
1192 1110 1201 1124 ‚
1260 1068 1264 1070 “

254 1143 383 1182 Ferte
403 1141 478 1183 citi
494 1140 689 1182 flammas
709 1173 717 1189 ‚
742 1141 841 1184 date
857 1143 954 1185 vela
973 1174 981 1190 ,
1003 1143 1217 1199 impellite
1238 1159 1400 1193 remos.
1417 1175 1469 1183 —

252 1210 558 1263 Quidloquor,
582 1215 658 1252 aut
684 1212 759 1253 ubi
787 1213 915 1254 sum?
941 1216 1047 1262 Quae
1062 1220 1257 1259 ruentem
1282 1219 1456 1265 insania
1472 1235 1569 1267 mu—

253 1280 409 1324 Int'elix
424 1282 535 1323 Dido
549 1284 559 1324 1
574 1293 698 1325 nunc
717 1285 759 1325 te
776 1282 889 1325 fucta
906 1283 1037 1338 impia
1056 1287 1260 1340 tangunt.
1409 1294 1569 1344 ssat?—

252 1353 365 1392 Tum
383 1350 544 1399 decuit,
559 1362 695 1404 quum
711 1354 885 1405 sceptra
901 1351 1173 1400 dabas—En
1191 1356 1343 1401 dextra
1359 1360 1568 1417 fidesque!

253 1423 394 1470 Quem
409 1430 557 1461 secum
574 1420 738 1472 patrios
758 1420 878 1461 aiunt
895 1425 1074 1473 portare
1090 1425 1278 1468 Penates
1293 1457 1303 1473 ,

253 1491 395 1538 Quem
415 1488 593 1530 subiisse
612 1487 811 1530 humeris
830 1491 1084 1532 consectum
1102 1495 1227 1536 {etate
1244 1499 1499 1547 parentem!
1518 1526 1568 1532 —

254 1561 353 1599 Non
372 1558 501 1612 potui
523 1558 757 1610 abreptum
777 1555 989 1600 divellere
1010 1570 1172 1613 corpus
1192 1593 1201 1608 ,
1225 1568 1270 1604 et
1289 1566 1421 1607 undis

254 1632 467 1682 Spargere
481 1630 500 1669 ἶ)
530 1639 623 1671 non
640 1629 799 1680 socios,
819 1639 911 1671 non
929 1629 1073 1683 ipsum
1094 1632 1326 1677 absumere
1347 1637 1466 1680 terro

255 1699 494 1741 Ascanium
510 1732 518 1746 .
541 1698 787 1753 patriisque
808 1698 1078 1752 epulandum
1096 1713 1265 1755 ponere
1280 1709 1445 1750 mensis
1458 1711 1529 1751 9-

256 1773 418 1812 Verum,
433 1780 594 1823 anceps
608 1779 770 1822 pugnae
788 1766 931 1810 fuerat
955 1768 1147 1812 fortuna.
1169 1796 1220 1801 —
1239 1774 1409 1818 Fuisset
1431 1793 1441 1818 .-

256 1842 399 1889 Quem
416 1838 557 1881 metui
576 1837 824 1880 moritura?
846 1842 978 1880 Faces
994 1839 1040 1879 in
1061 1844 1203 1883 castra
1224 1842 1420 1887 tulissem
1439 1878 1448 1897 ,

256 1909 600 1962 Implessemque
621 1909 742 1950 foros
761 1907 969 1955 flammis,
992 1914 1236 1964 natumque
1255 1918 1516 1971 patremque

256 1982 367 2020 Cum
387 1988 552 2031 genere
568 1978 824 2019 exstinxem:
837 1979 1000 2020 memet
1013 1989 1146 2031 super
1167 1980 1259 2033 ipsa
1276 1980 1564 2030 dedissem.-

253 2036 331 2091 ‘Sol
347 2080 356 2098 ,
379 2048 454 2102 qui
469 2051 692 2090 ¹ternarum
708 2045 893 2089 flammis
910 2045 1046 2103 opera
1066 2051 1216 2092 omnia
1229 2051 1405 2102 lustras,

254 2121 409 2171 'suque
426 2117 587 2159 harum
606 2116 822 2169 interpres
840 2127 1049 2157 curarum
1069 2120 1113 2159 et
1132 2120 1310 2163 conscia
1329 2127 1466 2175 suno,

255 2187 582 2239 Nocturnisque
606 2188 771 2228 Hecate
793 2185 933 2227 triviis
953 2186 1121 2228 ululata
1139 2198 1219 2241 per
1239 2190 1394 2242 urbes,

256 2260 310 2298 Et
331 2257 445 2299 Dirae
471 2255 671 2302 ultrices,
695 2257 737 2298 et
757 2254 803 2296 di
819 2256 1051 2298 morientis
1070 2258 1244 2305 Elissae,

258 2328 462 2382 Adcipite
481 2327 598 2374 haec,
622 2325 915 2379 meritumque
932 2327 1055 2368 malis
1076 2326 1292 2373 advertite
1313 2343 1479 2377 numen
1500 2369 1510 2387 ,

257 2403 312 2439 Et
330 2403 503 2441 nostras
520 2396 664 2440 audite
684 2407 851 2451 preces.
874 2398 916 2438 Si
940 2401 1122 2449 tangere
1138 2403 1290 2452 portus

1523 309 1546 345 <ul

1550 307 1574 344 <ut

228 2036 251 2044 ο

1340 2484 1401 2524 16.
