1917 2942
244 316 320 355 1127
781 317 943 356 LIBER
976 317 1024 352 V.
1462 317 1545 356 2555

246 402 520 454 brachiaque
535 401 591 443 ad
610 411 790 455 superas
806 402 1034 444 interritus
1054 401 1209 444 extulit
1224 412 1365 444 auras.

249 472 481 514 Abduxere
502 476 621 514 retro
641 471 775 525 longe
796 473 941 525 capita
961 471 1101 514 ardua
1122 471 1175 514 ab
1194 472 1309 521 ictu3

248 543 589 595 Immiscentque
606 553 762 583 manus
782 541 998 589 manibus,
1017 553 1299 595 pugnamque
1316 542 1552 585 lacessunt.

249 610 330 653 Ille
347 609 513 665 pedum
537 612 693 653 melior
712 613 850 658 motu,
872 609 1097 663 fretusque
1106 612 1293 663 juventa
1314 627 1324 651 :

251 680 334 723 Hic
353 680 563 722 membris
581 683 625 723 et
648 681 766 722 mole
784 682 957 728 valens;
974 680 1051 724 sed
1075 682 1199 723 tarda
1216 682 1424 724 trementi

252 753 407 792 Genua
426 750 600 798 labant;
618 754 760 792 vastos
779 751 920 803 quatit
939 762 1054 804 aeger
1070 750 1282 794 anhelitus
1299 756 1436 793 artus.

253 820 389 861 Multa
407 820 490 861 viri
505 821 802 873 nequidquam
821 821 937 864 inter
951 832 997 863 se
1015 821 1203 863 vulnera
1212 822 1383 873 jactant
1396 853 1408 872 ,

256 892 393 932 Multa
419 901 529 932 cavo
550 891 677 933 lateri
696 893 1000 944 ingeminant,
1023 894 1068 933 ct
1082 893 1263 945 pectore
1280 894 1428 934 vastos

256 962 375 1001 Dant
386 961 554 1002 sonitus
567 977 577 1009 ;
597 963 799 1014 erratque
813 973 937 1004 aures
954 966 997 1004 et
1015 963 1215 1014 tempora
1234 961 1402 1002 circum

257 1028 419 1072 Crebra
435 1041 590 1072 manus
605 1047 614 1079 ;
640 1030 753 1072 duro
770 1032 992 1084 crepitant
1005 1031 1085 1073 snb
1103 1031 1288 1072 vulnere
1305 1031 1449 1072 malae.

262 1102 355 1141 Stat
370 1101 513 1152 gravis
531 1100 751 1147 Entellus,
774 1101 960 1153 nisuque
980 1101 1191 1142 immotus
1210 1099 1368 1143 eodem
1382 1131 1395 1151 ‚

261 1173 457 1222 Corpore
479 1170 564 1211 tela
577 1170 709 1211 modo
730 1172 861 1223 atque
881 1169 1019 1211 oculis
1033 1169 1318 1222 vigilantibus
1337 1169 1440 1212 exit.

262 1240 363 1285 Ille,
392 1240 515 1282 velut
530 1238 693 1281 celsam
709 1241 939 1292 oppugnat
959 1239 1031 1292 qui
1052 1239 1240 1281 molibus
1258 1237 1437 1284 urbem.

265 1314 297 1348 A
308 1310 354 1348 ut
373 1310 585 1350 montana
602 1307 724 1348 sedet
738 1307 907 1349 circum
923 1307 1096 1349 castella
1110 1306 1191 1349 sub
1210 1307 1364 1355 armis,

265 1379 300 1418 N
308 1389 395 1420 unc
413 1377 506 1424 hos,
531 1387 649 1419 nunc
664 1377 762 1419 illos
776 1377 941 1423 aditus,
963 1387 1227 1429 omnemque
1246 1379 1444 1430 pererrat

270 1450 379 1488 Arte
398 1447 570 1496 locu1n3
590 1450 632 1489 et
648 1447 782 1489 variis
801 1445 1042 1488 adsultibus
1058 1446 1210 1488 irritus
1225 1449 1371 1499 urget.

273 1517 480 1560 Ostendit
499 1516 695 1559 dextram
714 1517 948 1569 insurgens
966 1517 1161 1559 Entellus
1175 1548 1185 1566 ,
1207 1519 1251 1560 et
1266 1516 1352 1559 alte

272 1588 434 1630 Extulit
454 1605 463 1628 z
484 1587 559 1630 ille
576 1588 711 1630 ictum
731 1588 982 1630 venientem
1000 1598 1023 1628 a
1036 1587 1201 1630 vertice
1217 1588 1345 1631 velox

271 1656 507 1704 Praevidit‚
529 1657 748 1710 celerique
768 1656 940 1709 elapsus
959 1666 1148 1708 corpore
1164 1656 1310 1698 cessit.

269 1727 467 1770 Entellus
486 1728 601 1769 vires
616 1726 663 1767 in
685 1730 864 1768 ventum
885 1724 1066 1775 effudit,
1089 1728 1134 1767 et
1150 1727 1269 1768 ultro

269 1799 369 1848 lpse
389 1796 533 1849 gravis
551 1796 829 1848 graviterque
848 1794 903 1836 ad
922 1796 1087 1835 terram
1101 1793 1299 1846 pondere
1320 1798 1444 1836 vasto

271 1865 475 1907 Concidit
495 1881 504 1905 ι
520 1867 572 1905 ut
587 1864 814 1919 quondam
831 1875 935 1907 cava
961 1862 1173 1911 concidit,
1194 1865 1270 1905 aut
1286 1864 1574 1917 Erymantho,

273 1938 364 1977 Aut
380 1935 455 1977 Ida
474 1936 521 1977 in
539 1947 713 1989 magna,
730 1935 948 1978 radicibus
969 1937 1094 1977 eruta
1109 1934 1256 1988 pinus.

274 2009 553 2058 consurgent
571 2004 725 2047 studiis
744 2005 899 2049 Teucri
921 2008 965 2047 et
982 2004 1207 2046 'trinacria
1224 2004 1362 2057 pubes
1382 2020 1392 2043 z

274 2077 316 2115 It
330 2075 498 2117 clamor
517 2075 650 2121 coelo,
672 2076 931 2129 primusque
951 2075 1149 2117 adcurrit
1166 2077 1368 2121 Acestes,

277 2147 618 2197 AEquaevumque
638 2144 690 2186 ab
705 2143 843 2185 humo
863 2145 1074 2186 miserans
1091 2142 1265 2186 adtollit
1279 2145 1488 2187 amicum.

278 2217 338 2255 At
356 2225 447 2256 non
465 2215 660 2257 tardatus
682 2225 782 2257 casu
802 2225 946 2266 neque
967 2214 1145 2256 territus
1172 2213 1304 2257 heros

283 2284 441 2325 Acrior
459 2283 514 2325 ad
537 2295 732 2337 pugnam
750 2282 886 2332 redit.
907 2295 957 2326 ac
977 2284 1066 2324 vim
1085 2284 1266 2329 suscitat
1285 2284 1372 2332 ira;

280 2356 395 2394 Tum
415 2353 556 2407 pudor
571 2353 769 2396 incendit
781 2353 895 2395 vires
913 2385 921 2400 ,
944 2355 989 2395 et
1006 2353 1185 2395 conscia
1199 2354 1337 2395 virtus
1357 2372 1369 2404 ς

287 2424 652 2477 Praecipitemque
669 2427 815 2465 Daren
836 2423 994 2464 ardens
1012 2424 1101 2475 agit
1121 2433 1297 2476 {equore
1314 2425 1438 2469 toto:
