1917 2942
186 343 259 384 5614
701 340 867 383 LIBER
899 343 992 382 XiI.
1417 339 1492 381 459

188 431 237 469 Et
253 428 464 470 sternacis
482 430 582 482 equi
603 429 769 481 lapsum
788 428 961 470 cervice
980 427 1259 479 Thymoeten.
1292 419 1295 421 ’

191 501 251 540 Ac
271 497 392 540 velut
411 496 552 539 Edoni
572 502 724 540 Boreae
744 509 879 551 quum
897 498 960 549 spi
970 497 1076 537 ritus
1093 495 1181 538 alto

190 569 372 609 Insonat
389 571 536 621 AEgaeo
554 600 563 615 ‚
585 568 877 621 sequiturque
892 566 947 609 ad
966 567 1094 608 litora
1115 564 1293 611 fluctus,

191 641 281 688 Qun
299 639 420 680 venti
434 638 674 682 incubuere
691 656 700 687 ;
724 637 874 690 sugam
890 637 998 679 dant
1012 637 1291 680 nubila‘corlo
1311 654 1320 677 ι

191 710 259 750 Sic
277 712 428 750 Turno
443 740 452 754 ‚
475 719 738 760 quacunque
753 709 869 749 viam
889 709 1031 755 secat,
1057 708 1231 760 agmina
1254 708 1442 756 cedunt,

192 780 511 831 conversaeque
532 782 668 820 ruunt
686 778 798 821 acies
815 795 824 825 ς
843 777 928 821 sert
946 779 1136 831 impetus
1156 780 1323 831 ipsum,

193 851 246 889 Et
263 850 437 892 cristam
460 849 644 892 adverso
663 860 795 890 curru
815 849 954 902 quatit
976 859 1082 889 aura
1101 847 1341 891 voluntem.

193 922 287 962 Non
309 919 409 961 tulit
426 920 662 961 instantem
680 919 878 970 Phegeus
896 918 1141 972 animisque
1157 917 1416 963 frementem
1437 933 1446 956 :

197 989 365 1041 Objecit
384 999 475 1031 sese
492 988 546 1030 ad
562 1000 763 1034 currum,
785 989 829 1030 et
846 988 1095 1041 spumantia
1120 987 1252 1030 frenis

196 1060 276 1098 Ora
295 1059 530 1100 citatorum
558 1059 710 1100 dextra
727 1057 912 1100 detorsit
930 1069 1163 1111 equorum.

198 1130 307 1170 Dum
326 1128 527 1175 trahitur.
547 1128 929 1182 pendetquejugis
949 1157 958 1175 ,
988 1129 1106 1170 bunc
1128 1130 1212 1169 lata
1232 1131 1449 1172 retectum

198 1199 366 1239 Lancea
383 1198 683 1250 consequitur,
700 1198 951 1251 rumpitque
972 1197 1105 1238 inlixa
1126 1197 1304 1240 bilicem

201 1266 398 1308 Loricam
418 1297 428 1315 ,
450 1273 492 1308 et
509 1278 733 1308 summum
755 1266 951 1318 degustat
970 1267 1155 1309 vulnere
1170 1278 1345 1321 corpus.

201 1334 273 1377 lile
291 1340 437 1378 tamen
455 1337 599 1388 clipeo
618 1336 790 1386 objecto
808 1341 1046 1378 conversus
1066 1336 1109 1376 in
1128 1335 1302 1377 hostem

201 1404 316 1451 Ibat,
338 1408 383 1446 et
404 1405 611 1446 auxilium
627 1404 762 1446 ducto
783 1414 996 1445 mucrone
1012 1404 1189 1458 petebat
1207 1421 1216 1444 ι

202 1475 344 1522 Quum
364 1476 460 1515 rota
480 1473 753 1527 pr-aecipitem
779 1477 823 1514 et
841 1484 1058 1526 procursu
1075 1475 1274 1516 concitus
1296 1476 1384 1516 axis

203 1542 405 1594 Impulit,
427 1540 704 1595 effunditque
723 1544 816 1583 solo
834 1558 845 1590 3
874 1545 1133 1594 Turnusque
1149 1546 1345 1590 secutus,

204 1612 338 1653 imam
362 1613 478 1653 inter
493 1614 685 1665 galeam,
708 1613 866 1654 summi
887 1612 1076 1654 thoracis
1091 1615 1134 1656 et
1150 1625 1269 1660 oras,

207 1681 400 1722 Abstulit
414 1693 519 1724 ense
534 1685 691 1734 caput,
714 1685 1009 1734 truncumque
1028 1682 1205 1735 reliquit
1219 1694 1378 1725 arenae.

256 1753 401 1804 Atque
424 1762 474 1793 ea
490 1751 593 1793 dum
613 1752 780 1806 campis
795 1752 940 1793 vietor
960 1751 1036 1793 dat
1061 1751 1214 1795 funera
1230 1755 1404 1795 'furnus
1419 1785 1429 1800 ,

207 1822 376 1863 Interea
394 1825 563 1864 AEnean
580 1821 831 1864 Mnestheus
850 1824 894 1863 et
912 1821 1026 1863 fidus
1043 1821 1232 1865 Achates

208 1892 502 1945 Ascaniusque
519 1903 628 1944 puer
645 1892 794 1934 castris
812 1895 1004 1934 statuere
1025 1896 1260 1934 cruentum
1278 1928 1285 1941 ,

212 1961 412 2003 Alternos
429 1961 556 2014 longa
576 1961 792 2003 nitentem
810 1962 995 2015 cuspide
1010 1973 1198 2014 gressus.

208 2030 269 2069 See
277 2030 338 2070 vit
354 2060 362 2076 ‚
383 2034 428 2072 et
440 2027 629 2071 infracta
644 2031 835 2072 luctatur
853 2029 1072 2072 arundine
1090 2032 1226 2074 telum

210 2101 389 2153 Eripere
407 2133 416 2149 ,
435 2101 685 2154 auxilioque
701 2102 840 2148 viam,
858 2112 957 2154 que-3.
977 2103 1173 2155 proxima
1191 2134 1199 2149 ‚
1225 2106 1363 2154 poscit
1382 2121 1393 2145 ι

212 2171 323 2213 Ense
338 2175 490 2214 secent
507 2173 598 2214 lato
617 2173 804 2218 vulnus,
828 2173 994 2225 telique
1012 2174 1228 2215 latebram

214 2241 479 2283 Rescindunt
496 2243 698 2294 penitus,
720 2253 903 2297 seseque
923 2244 969 2284 in
985 2243 1100 2287 bellu
1120 2247 1361 2287 remittant.

215 2312 399 2365 Jamque
415 2312 564 2355 aderat
586 2312 753 2354 Phoebo
774 2317 875 2356 ante
894 2314 1003 2356 alios
1023 2315 1210 2357 dilectus
1225 2317 1340 2372 lupis

213 2381 395 2429 Iasides;
418 2383 505 2424 acri
523 2381 747 2436 quondam
769 2384 839 2425 cui
855 2388 1009 2440 captus
1030 2396 1181 2428 amore

215 2451 310 2504 Ipse
329 2465 428 2495 suas
449 2455 582 2500 artes,
603 2464 679 2495 sua
694 2465 880 2496 munera
898 2488 904 2501 .
927 2454 1055 2497 lfetus
1081 2455 1234 2510 Apollo

1291 2545 1359 2585 50.
