1917 2942
220 323 296 364 370
733 322 899 362 LIBER
928 323 1010 362 XI.
1452 322 1532 364 1127

224 409 347 453 Aude
367 440 376 457 ,
400 413 529 463 atque
544 408 778 452 adversum
798 407 935 450 fidens
954 407 1021 450 fer
1035 412 1187 461 pectus
1201 411 1247 451 in
1262 410 1450 452 hostem.

222 480 416 527 Scilicet,
438 485 488 521 ut
507 485 657 522 Turno
678 480 910 530 contingat
926 480 1048 530 regia
1069 481 1256 531 conjux,

224 552 330 597 Nos,
352 550 510 591 animae
527 550 656 600 viles,
677 548 906 592 inhumata
923 548 1164 602 infletaque
1184 550 1309 592 turba
1324 581 1335 598 ,

224 622 479 663 sternamur
498 621 677 674 campis.
697 622 857 672 Etjam
875 622 940 666 tu,
960 621 994 660 si
1016 631 1100 672 qua
1126 620 1203 661 tibi
1218 622 1283 664 vis
1298 654 1307 670 ,

222 691 263 730 Si
286 691 416 742 patrii
440 689 547 744 quid
567 690 717 732 Martis
737 690 888 737 habes,
911 689 1035 730 illum
1061 689 1240 744 adspice
1259 693 1419 734 contra
1434 725 1444 737 .

223 761 304 810 Qui
326 765 469 802 vocat.
496 777 511 798 n

274 829 447 871 Talibus
463 828 620 870 exarsit
640 827 770 870 dictis
785 829 997 872 violentia
1015 830 1178 878 Turni;

226 902 308 940 Dat
329 901 544 950 gemitum
560 930 570 949 ,
589 898 844 952 rumpitque
861 897 940 939 has
960 899 1050 939 imo
1067 902 1248 954 pectore
1266 911 1398 943 voces
1418 916 1427 940 :

228 982 245 1003 «ι
264 971 403 1020 Larga
422 968 600 1021 quidem
617 999 625 1015 ‚
650 971 821 1009 Drance
834 999 844 1015 ,
868 980 1043 1022 semper
1063 970 1141 1010 tibi
1159 971 1288 1023 copia
1307 969 1427 1013 fandi

226 1042 359 1084 Tum,
379 1050 514 1091 quum
535 1036 648 1080 bella
664 1048 820 1078 manus
836 1042 1047 1093 poscunt3
1071 1040 1355 1093 patribusque
1370 1044 1536 1086 vocatis

225 1108 399 1150 Primus
414 1108 518 1150 ades
536 1120 545 1143 ε
563 1108 638 1149 sed
661 1119 751 1150 non
771 1107 982 1163 replenda
1003 1111 1070 1150 est
1088 1110 1213 1152 curia
1231 1112 1402 1161 verbis,

228 1179 333 1226 Quae
353 1178 446 1218 tuto
464 1176 539 1217 tibi
560 1187 720 1229 inagna
738 1177 915 1228 vol-ant,
936 1177 1044 1218 dum
1063 1178 1244 1221 distinet
1259 1179 1433 1224 hostem

227 1252 371 1301 Agger
386 1258 617 1290 murorum
631 1279 641 1299 ‚
661 1258 745 1291 nec
765 1249 985 1289 inundant
1003 1250 1220 1301 sanguine
1237 1249 1378 1294 fossae.

228 1317 422 1360 Proinde
438 1321 543 1359 tona
562 1316 739 1370 eloqu-io
757 1350 766 1364 ,
788 1317 970 1360 solitum
986 1318 1087 1367 tibi;
1110 1331 1268 1373 meque
1288 1323 1458 1367 timoris

227 1390 373 1439 Argue
394 1391 465 1433 tu,
489 1388 682 1434 Drance;
702 1386 881 1440 quando
897 1390 967 1429 tot
980 1388 1137 1439 stragis
1156 1399 1338 1433 acervos

229 1460 501 1500 Teucrorum
517 1460 592 1498 tua
607 1456 759 1498 dextra
772 1455 894 1498 dedit
909 1488 918 1505 ,
941 1458 1188 1511 passimque
1203 1463 1382 1515 tropaeis

230 1526 414 1579 Insignis
435 1537 578 1579 agros.
600 1528 744 1569 Possit
760 1526 868 1579 quid
882 1526 1032 1569 vivida>
1046 1528 1211 1577 virtus.

229 1596 463 1648 Experiare
476 1596 603 1644 licet3
624 1607 710 1639 nec
726 1596 857 1648 longe
877 1597 1046 1639 scilicet
1065 1598 1211 1641 hostes

230 1667 462 1717 Quaerendi
481 1667 608 1709 nobis
623 1684 632 1716 ;
650 1667 936 1709 circumstant
950 1668 1147 1721 undique
1161 1682 1325 1714 muros.

229 1738 347 1778 Imus
366 1736 414 1776 in
432 1734 669 1779 adversos?
688 1735 804 1788 Quid
825 1746 965 1777 cessas
981 1737 999 1776 ἱ)
1018 1748 1074 1778 an
1095 1738 1173 1780 tibi
1188 1745 1363 1785 Mavors

230 1808 417 1847 ventosa
436 1806 482 1846 in
504 1806 650 1860 lingua
664 1805 938 1859 pedibusque
957 1805 1186 1860 fugacibus
1204 1811 1295 1853 istis

230 1878 410 1930 Semper
431 1875 544 1918 erit?

232 1948 383 1989 Pulsus
402 1948 509 2000 ego!
531 1947 607 1987 aut
625 1946 857 2000 quisquam
876 1947 1036 1989 merito
1053 1980 1063 1995 .
1083 1947 1341 2001 foedissime,
1359 1955 1539 2008 pulsum

235 2019 402 2069 Arguet
421 2048 429 2064 ,
452 2016 587 2058 Iliaco
605 2016 823 2059 tumidum
841 2018 914 2071 qui
934 2028 1133 2061 crescere
1154 2019 1365 2074 Thybrim

234 2087 475 2140 Sanguine,
493 2089 537 2129 et
552 2086 746 2128 Evandri
768 2090 906 2128 totam
921 2099 1024 2129 cum
1040 2089 1175 2142 stirpe
1191 2091 1361 2136 videbit

235 2157 522 2198 procubuisse
542 2157 745 2198 domum.
770 2161 900 2210 atque
920 2160 1073 2200 exutos
1089 2161 1284 2205 Arcadas
1300 2167 1464 2208 armis?

239 2228 271 2264 H
279 2224 366 2267 aud
382 2226 437 2266 ita
454 2236 525 2267 me
541 2226 705 2279 experti
722 2225 859 2268 Bitias
875 2228 920 2267 et
936 2226 1164 2271 Pandarus
1182 2232 1338 2284 ingens
1355 2266 1365 2282 ‚

237 2298 290 2336 Et
308 2306 416 2349 quos
433 2295 554 2337 mille
569 2294 639 2338 die
653 2295 797 2337 victor
812 2294 892 2337 sub
906 2299 1087 2341 Tartara
1100 2300 1197 2342 misi
1216 2332 1228 2348 ,

236 2365 434 2409 Inclusus
458 2366 595 2408 muris
613 2398 621 2412 .
643 2365 881 2420 hostilique
902 2378 1062 2420 aggere
1080 2373 1256 2426 saeptus.

240 2436 363 2479 Nulla
381 2436 496 2478 salus
512 2436 644 2478 bello.
663 2435 802 2490 capiti
822 2447 932 2480 cane
953 2438 1057 2481 talia
1072 2440 1254 2485 demens

1316 2543 1380 2582 23.

1779 2568 1786 2598 h„
1764 2480 1784 2503 ,·’
1764 2440 1772 2450 ““
1766 2373 1783 2435 '⁴:252
