1917 2942
325 288 405 328 250
854 290 1035 330 AENEID
1044 292 1107 330 OS
1558 296 1632 333 277

330 376 462 417 Parte
478 374 614 422 ferox,
636 374 883 429 ardensque
902 377 1054 425 oeulis,
1077 381 1121 419 et
1138 378 1263 420 sibila
1282 379 1397 420 colla

330 444 507 486 Arduus
524 444 763 495 adtollens3
782 458 884 500 pars
899 447 1083 490 vulnere
1102 448 1257 491 clauda
1272 450 1466 492 retentat

328 516 569 558 Nexantem
587 515 730 564 nodis,
752 527 885 569 seque
904 518 950 558 in
968 528 1045 559 sua
1063 517 1261 561 membra
1277 519 1529 572 plicantem.

329 585 423 627 Tali
442 586 628 639 remigio
647 587 770 628 navis
789 597 835 628 se
855 586 980 629 tarda
997 587 1228 630 movebat:

328 654 435 696 Vela
454 652 556 697 facit
576 655 741 706 tamen,
758 657 802 699 et
820 656 928 699 velis
945 656 1062 698 subit
1081 659 1194 699 ostia
1209 658 1367 712 plenis.

330 726 582 777 Sergestum
602 728 756 767 AEneas
776 726 994 780 promisso
1014 738 1202 770 munere
1220 728 1371 777 donat,

330 796 557 837 Servatam
572 794 628 836 ob
644 806 806 837 navem
818 795 944 837 laetus
962 798 1191 852 sociosque
1205 798 1426 842 reductos.

333 864 420 907 Olli
435 875 561 907 serva
575 856 724 911 datur,
745 875 931 918 operum
947 865 1065 908 haud
1084 867 1235 920 ignara
1254 869 1482 919 Minervae,

334 937 488 975 Cressa
506 944 644 986 genus
661 932 839 981 Pholoe,
864 935 1118 987 geminique
1133 938 1213 979 sub
1234 937 1369 980 ubere
1387 937 1495 981 nati.

389 1005 487 1045 Hoc
502 1002 601 1056 pius
620 1005 776 1044 AEneas
795 1004 931 1045 misso
952 1006 1193 1048 certamine
1213 1005 1359 1048 tendit

335 1071 624 1113 Gramineum
639 1072 686 1112 in
701 1083 923 1126 campum,
941 1084 1071 1126 quem
1086 1074 1270 1117 collibus
1289 1076 1484 1130 undique
1499 1080 1647 1121 curvis

336 1140 581 1194 cingebant
596 1141 714 1183 silvae
737 1158 746 1181 :
770 1142 1000 1196 mediaque
1020 1143 1064 1184 in
1084 1144 1197 1186 valle
1215 1144 1376 1187 theatri

338 1211 491 1253 Circus
507 1213 614 1258 erat,
638 1223 725 1264 quo
745 1222 791 1253 se
816 1211 965 1253 multis
982 1224 1083 1256 curn
1098 1213 1288 1255 millibus
1305 1214 1437 1258 heros

337 1281 553 1321 consessu
575 1278 771 1322 medium
795 1279 907 1325 tulit,
932 1282 1239 1334 exstructoque
1257 1282 1436 1324 resedit.

337 1350 436 1396 Hic,
460 1350 536 1402 qui
560 1348 674 1391 forte
690 1349 829 1392 velint
846 1349 1002 1404 rapido
1023 1351 1295 1394 contendere
1313 1363 1458 1397 cursu.

335 1419 498 1461 Invitat
515 1419 665 1472 pretiis
684 1421 869 1468 animos,
902 1423 946 1461 et
961 1420 1141 1474 praemia
1159 1423 1303 1474 ponit.

338 1489 546 1542 Undique
563 1490 839 1534 conveniunt
856 1491 1028 1537 Teucri,
1051 1490 1263 1545 mixtique
1280 1493 1422 1535 Sicani
1441 1511 1451 1542 ς

338 1558 464 1600 Nisus
482 1563 527 1601 et
545 1560 759 1611 Euryalus
779 1559 925 1611 primi.

340 1630 551 1680 Euryalus
574 1628 717 1671 torma
738 1629 920 1682 insignis
937 1629 1154 1683 viridique
1166 1632 1368 1684 juventa,

337 1698 463 1741 Nisus
479 1710 629 1741 amore
647 1699 721 1751 pio
738 1699 867 1753 pueri
886 1716 895 1739 ι
915 1711 1025 1752 quos
1043 1699 1206 1742 deinde
1223 1704 1432 1755 sequutus

339 1769 503 1821 Regius
518 1769 694 1822 egregia
713 1770 878 1810 Priami
898 1769 952 1810 de
970 1771 1105 1822 stirpe
1121 1771 1292 1812 Diores.

341 1841 471 1881 Hunc
490 1838 643 1886 Salius,
665 1839 796 1880 simul
817 1840 861 1880 et
881 1840 1071 1888 Patr0n3
1091 1852 1282 1893 quorum
1298 1840 1410 1884 alter
1424 1846 1644 1892 Acarnan,

338 1907 462 1950 Alter
481 1907 534 1950 ab
554 1907 745 1952 Arcadio
764 1912 957 1961 Tegeaeae
978 1910 1194 1960 sanguine
1213 1912 1357 1964 gentis
1377 1927 1386 1951 :

340 1979 451 2018 Tum
468 1977 556 2019 duo
576 1978 794 2021 Trinacrii
808 1980 1008 2029 juvenes,
1035 1978 1245 2030 Helymus
1265 1981 1567 2036 Panopesque,

342 2046 532 2100 Adsueti
546 2048 683 2099 silvis,
706 2048 890 2091 comites
912 2048 1100 2091 senioris
1120 2051 1307 2090 Acestae.

340 2118 464 2160 Multi
485 2122 713 2170 praeterea‚
736 2128 843 2171 quos
862 2117 975 2159 sarna
994 2118 1182 2159 obscura
1196 2117 1412 2160 recondit.

343 2193 494 2231 AEneas
515 2189 672 2243 quibus
690 2189 737 2230 in
756 2187 913 2231 mediis
933 2189 995 2230 sic
1012 2188 1172 2231 deinde
1186 2191 1387 2231 locutus:

343 2275 357 2294 u
381 2258 584 2314 Adcipite
601 2259 699 2302 haec
714 2259 888 2306 animis,
914 2259 1124 2311 laetasque
1149 2259 1365 2302 advertite
1384 2263 1555 2302 mentes
1576 2277 1583 2300 t

344 2329 487 2370 Nemo
508 2340 561 2371 ex
575 2328 662 2371 hoc
681 2340 868 2371 numero
889 2329 995 2370 mihi
1014 2339 1106 2370 uon
1130 2328 1319 2372 donatus
1340 2329 1492 2373 abibit.
1580 2331 1581 2334 ’

343 2399 528 2442 Gnossia
542 2399 646 2443 bina
667 2398 783 2443 dabo
801 2400 946 2444 levato
966 2399 1109 2442 lucida
1132 2397 1246 2442 ferro
