1917 2942
372 337 450 377 406
895 339 980 379 [ΕΝ
991 341 1150 381 EIDOS
1596 347 1669 387 695

372 426 469 479 Ipsa
489 427 667 468 immota
696 436 878 468 manens
896 444 907 476 ;
929 429 1101 479 prolem
1122 428 1408 470 Dolichaonis
1428 430 1620 472 Hebrum

371 496 666 537 Sternithumi
678 528 685 542 ,
698 507 798 537 cuin
817 507 902 547 quo
916 501 1139 549 Latagum,
1155 498 1447 552 Palmumque
1461 501 1668 551 fugacem:

371 564 454 605 Sed
476 567 687 617 Latagum
703 577 804 607 saxo
825 570 954 618 atque
975 567 1144 618 ingenti
1167 565 1378 619 fragmine.
1399 570 1558 610 montis

372 637 570 689 Occupat
589 647 636 677 os
657 634 899 690 faciemque
919 636 1147 678 adversam
1171 653 1179 676 ι
1203 639 1366 690 poplite.
1383 638 1580 679 Palmum

372 706 553 747 Succiso
571 707 690 747 volvi
708 718 887 759 segnem
908 707 1031 755 sinit;
1054 719 1259 761 armaque
1279 713 1418 751 Lauso

373 777 522 816 Donat
542 775 700 818 habere
717 776 909 818 humeris
926 808 935 823 ‚
956 780 1001 817 et
1020 778 1186 820 vertice
1206 778 1338 827 figere
1355 782 1520 821 cristas.

374 842 464 884 Nec
480 854 573 884 non
588 843 819 885 Evanthen
840 842 1106 896 Phrygium,
1132 844 1386 898 Paridisque
1405 848 1612 888 Mimanta

373 911 597 964 AEqualem
616 913 911 965 comitemque
933 927 943 953 ε
969 925 1053 955 una
1073 926 1203 967 quem
1224 921 1353 959 nocte
1374 918 1551 959 Theano

374 983 425 1021 In
446 982 587 1024 lucem
609 983 801 1034 genitori
826 988 995 1034 Amyco
1015 984 1160 1032 dedit,
1184 988 1233 1026 et
1248 984 1340 1027 sace
1361 997 1591 1040 praegnans

371 1052 525 1093 Cisseis
546 1054 697 1104 regina
716 1053 850 1094 Parin
873 1070 882 1093 ι
904 1055 1029 1096 Paris
1049 1055 1158 1098 urbe
1176 1062 1357 1109 paterna

374 1122 598 1170 Occubat;
622 1122 823 1174 ignarum
842 1125 1037 1165 Laurens
1052 1123 1182 1166 habet
1200 1135 1275 1165 ora
1297 1127 1521 1168 Mimanta.

376 1193 440 1230 Ac
456 1191 576 1233 velut
592 1192 667 1234 ille
683 1204 845 1234 canum
861 1205 1014 1236 morsu
1030 1193 1084 1237 de
1104 1196 1328 1237 montibus
1346 1197 1442 1238 altis

376 1264 511 1303 Actus
529 1273 649 1316 aper,
677 1263 840 1305 multos
856 1263 1039 1305 Vesulus
1058 1275 1187 1315 quem
1208 1264 1369 1317 pinifer
1390 1277 1527 1307 annos

375 1328 611 1378 Defendit,
633 1330 853 1373 multosve
871 1332 997 1383 palus
1023 1333 1282 1374 Laurentia.
1315 1333 1423 1374 silva

377 1400 533 1439 Pastus
551 1400 792 1441 arundinea
814 1432 822 1447 ,
853 1406 1087 1453 postquam
1109 1402 1225 1442 inter
1244 1402 1352 1443 retia
1371 1406 1552 1444 ventum
1569 1405 1654 1447 cst,

379 1470 603 1517 Substitit,
626 1468 939 1522 intremuitque
961 1471 1101 1517 l'erox,
1135 1476 1178 1513 et
1193 1472 1417 1514 inhorruit
1438 1484 1602 1517 armos3

378 1539 466 1579 Nec
486 1539 690 1592 cuiquam
711 1539 838 1580 irasci
858 1539 1097 1592 propiusve
1116 1539 1332 1583 adcedere
1351 1542 1509 1588 virtus;

377 1608 458 1649 Sed
471 1608 630 1658 jaculis
649 1609 839 1661 tutisque
856 1609 1010 1660 procul
1028 1609 1291 1650 clamoribus
1312 1609 1502 1650 instant:

375 1679 458 1721 llle
480 1682 627 1720 autem
648 1678 894 1729 impavidus
913 1681 1059 1734 partes
1078 1685 1313 1720 cunctatur
1336 1681 1379 1720 in
1399 1690 1551 1722 omnes
1570 1713 1577 1724 ,

377 1749 596 1791 Dentibus
617 1747 899 1799 infrendens,
931 1752 975 1789 ct
999 1752 1123 1801 tergo
1143 1749 1310 1792 decutit
1330 1750 1487 1791 hastas.

378 1818 508 1860 Haud
526 1818 667 1865 aliter,
684 1821 814 1870 justcc
833 1818 992 1871 quibus
1009 1819 1075 1860 'est
1094 1820 1333 1861 Mezentius
1350 1820 1448 1864 irae,

377 1890 477 1930 Non
497 1888 577 1931 ulli
600 1890 666 1931 est
685 1889 855 1930 animus
875 1891 1033 1931 stricto
1053 1900 1319 1930 concurrere
1340 1888 1454 1930 ferro
1474 1906 1483 1938 ;

376 1957 611 2000 Missilibus
624 1959 754 2009 longe
773 1963 814 2000 et
831 1962 953 2000 vasto
970 1958 1161 2000 clamore
1176 1958 1409 2000 lacessunt.

377 2030 571 2069 Venerat
586 2027 774 2082 antiquis
796 2027 977 2080 Corythi
1001 2026 1055 2070 de
1072 2028 1395 2070 liuibusffAcron
1415 2062 1423 2076 ,

377 2099 534 2139 Graius
548 2097 710 2147 homo;
733 2098 919 2140 infectos
937 2099 1138 2150 linquens
1160 2096 1369 2152 profugus
1386 2098 1649 2147 11)·1Ϊ16Πὶΐ505.

378 2169 509 2208 Hunc
526 2167 601 2208 ubi
620 2167 881 2209 miscentem
895 2167 1027 2218 longe
1047 2165 1191 2208 media
1206 2166 1380 2218 agmina
1396 2167 1533 2214 vidit,

376 2239 655 2288 Purpureum
670 2236 825 2290 pennis
842 2239 886 2279 ct
900 2241 1038 2290 pactae
1055 2237 1255 2289 conjugis
1273 2241 1393 2279 ostro
1416 2255 1426 2286 ;

379 2307 596 2359 Impastus
613 2306 781 2348 stabula
799 2307 888 2348 alta
907 2308 978 2348 leo
999 2318 1081 2350 ceu
1096 2318 1210 2361 saepe
1230 2318 1488 2361 peragrans,

380 2375 542 2417 Suadet
562 2377 681 2417 euim
701 2386 859 2418 vesana
881 2374 1015 2420 tames
1034 2393 1044 2425 ;
1066 2376 1097 2416 si
1121 2376 1233 2419 forte
1252 2376 1452 2430 fugacem

379 2446 612 2500 Conspexit
630 2457 846 2499 capre-un,
869 2449 942 2488 aut
964 2450 1216 2500 surgentem
1234 2448 1277 2488 in
1299 2458 1464 2489 cornua
1481 2457 1684 2490 cervum,
