1917 2942
428 324 507 364 253
955 331 1211 372 AENEIDOS
1659 343 1727 379 355

430 407 598 450 Thraca
616 408 805 462 pedum,
827 410 1086 466 circumque
1107 416 1212 456 atrae
1230 416 1497 459 Formidinis
1513 430 1588 461 ora
1607 452 1617 468 ,

426 480 616 532 Iraeque,
635 478 922 531 Insidiaeque,
942 481 1014 522 dei
1031 483 1262 526 comitatus
1277 516 1286 531 .
1309 491 1518 539 aguntur.

429 548 541 589 Talis
558 559 695 601 equos
714 549 859 591 alacer
879 551 1026 592 media
1047 552 1164 594 inter
1189 555 1337 605 praelia
1356 559 1531 598 Turnus

430 620 667 661 Fumantes
689 619 849 662 sudore
868 621 1031 673 quatit,
1054 623 1301 667 miserabile
1321 626 1443 668 caesis

429 688 638 730 Hostibus
657 689 874 730 insultans
894 705 904 729 z
927 692 1095 744 spargit
1109 692 1262 745 rapida
1283 696 1446 747 ungula
1459 706 1584 739 rores

429 758 726 810 sanguineos,
753 760 975 812 mixtaque
993 771 1124 802 cruor
1145 763 1339 804 calcatur
1355 775 1504 807 arena.

482 834 669 880 Jamque
699 829 795 871 neci
817 828 1163 883 Sthenelumque
1192 831 1335 881 dedit,
1369 834 1725 890 Thamyrimque,

589 897 868 952 Pholumque
882 930 890 944 .

432 972 564 1012 Hunc
577 979 853 1019 congressus,
872 973 915 1011 et
929 969 1062 1017 buum
1076 970 1200 1011 illum
1215 973 1386 1014 eminus
1402 975 1597 1017 :eminus
1609 977 1728 1018 ambo

427 1038 705 1081 Imbrasidas.
722 1040 941 1082 Glaucum
952 1042 1082 1092 atque
1102 1041 1263 1088 Laden,
1282 1054 1394 1095 quos
1409 1045 1632 1088 Imbrasus
1648 1048 1728 1100 ipse

436 1110 654 1151 Nutrierat
676 1110 807 1160 Lycia
826 1138 836 1155 ‚
860 1110 1127 1162 paribusque
1147 1118 1385 1154 ornaverat
1401 1116 1556 1157 armis:

432 1180 514 1222 Vel
529 1176 732 1221 conferre
748 1189 929 1219 manum
947 1208 956 1225 ‚
981 1180 1050 1222 vel
1066 1191 1179 1232 equo
1199 1186 1460 1233 praevertere
1477 1189 1649 1227 ventos.

431 1252 563 1291 Parte
583 1249 666 1290 alia
682 1248 825 1290 media
842 1247 1061 1290 Eumedes
1082 1250 1128 1289 iu
1152 1250 1303 1303 praelia
1327 1250 1476 1299 fertur,

432 1318 617 1371 Antiqui
637 1317 784 1371 proles
799 1317 917 1359 bello
939 1318 1148 1371 praeclara
1171 1319 1372 1368 Dolonis;

431 1388 618 1430 Nomine
639 1399 770 1429 avum
785 1384 1157 1434 reserens‚ani1no
1173 1388 1464 1442 manibusque
1484 1395 1725 1443 parentem
1765 1377 1768 1418 ἶ

432 1458 517 1509 Qui
532 1457 782 1512 quondam,
808 1462 950 1498 castra
970 1457 1019 1496 ut
1037 1459 1239 1498 Danaum
1255 1459 1508 1510 speculator
1522 1460 1682 1506 adiret,

435 1533 575 1571 Ausus
595 1526 757 1570 Pelidae
773 1527 966 1580 pretium
986 1525 1065 1567 sibi
1086 1536 1267 1580 poscere
1286 1540 1467 1577 currus;

430 1598 561 1640 Illum
574 1595 763 1649 Tydides
777 1595 862 1637 alio
883 1605 968 1649 pro
985 1594 1141 1637 talibus
1159 1597 1272 1637 ausis

433 1667 611 1722 Adfecit
629 1666 774 1721 pretio
791 1682 801 1713 ;
822 1676 905 1708 nec
922 1665 1045 1718 equis
1065 1665 1259 1720 adspirat
1278 1667 1475 1710 Achillis.

430 1743 563 1789 Hunc
582 1737 738 1791 procul
757 1738 809 1778 ut
825 1746 982 1789 campo
1002 1739 1173 1777 Turnus
1188 1739 1414 1792 prospexit
1428 1740 1580 1793 aperto
1599 1770 1609 1785 ‚

431 1811 547 1852 Ante
564 1808 653 1850 levi
667 1806 815 1857 jaculo
835 1806 1021 1858 longum
1037 1817 1117 1859 per
1137 1807 1266 1847 inane
1287 1813 1463 1850 secutus
1480 1824 1489 1855 ;

429 1879 550 1921 Sistit
565 1887 701 1930 equos
720 1875 913 1928 bijuges.
937 1880 982 1917 et
999 1887 1133 1918 curru
1156 1875 1299 1917 desilit
1318 1906 1326 1920 ,
1350 1878 1480 1928 atque

430 1947 686 1991 semianimi
705 1947 914 2000 lapsoque
934 1946 1190 1999 supervenit
1208 1978 1216 1994 ,
1242 1948 1307 1992 et.
1330 1946 1441 2000 pede
1460 1946 1575 1989 collo

430 2022 675 2074 Impresso,
696 2016 858 2059 dextrae
875 2027 1134 2059 mueronem
1156 2019 1413 2070 extorquet,
1436 2020 1481 2060 et
1497 2018 1583 2060 alto

429 2092 688 2145 Fulgentem
710 2089 839 2142 tingit
852 2088 1008 2141 jugulo
1026 2105 1036 2138 3
1056 2092 1185 2141 atque
1205 2089 1300 2131 haee
1315 2088 1496 2143 insuper
1512 2089 1631 2131 addit
1649 2106 1660 2127 ι

439 2174 456 2198 ι
476 2163 543 2201 En
561 2190 570 2206 ,
591 2169 742 2212 agros,
761 2162 827 2203 et,
851 2168 980 2209 quain
1006 2156 1123 2199 bello
1143 2185 1152 2200 ‚
1178 2157 1387 2207 Troiane,
1407 2157 1553 2211 petisti
1573 2188 1582 2204 ‚

429 2231 693 2283 Hesperiam
710 2229 867 2271 metire
885 2229 1039 2279 jacens
1061 2240 1070 2263 τ
1091 2226 1186 2269 haec
1207 2227 1385 2280 praemia
1403 2259 1413 2278 ‚
1443 2227 1516 2281 qui
1540 2239 1609 2270 me

429 2303 566 2343 Ferro
580 2299 673 2341 ausi
692 2300 884 2345 tentare,
909 2295 1061 2338 serunt
1072 2296 1165 2343 ;=-sic
1181 2297 1345 2338 moenia
1360 2296 1581 2342 condunt,
1596 2311 1612 2334 n

483 2369 598 2412 Huic
614 2367 823 2411 comitem
840 2367 1040 2408 Asbuteu
1055 2365 1256 2416 conjecta
1275 2365 1455 2420 cuspide
1472 2366 1632 2413 mittit;

433 2441 680 2483 Chloreaque,
701 2437 970 2481 Sybarimque,
988 2437 1215 2478 Dare-tuque,
1232 2435 1619 2481 Thersilochumque,
