1917 2942
238 351 289 389 67
769 348 931 386 LIBER
961 348 1009 384 V.
1462 350 1486 386 2

231 434 404 486 Quique
426 431 588 485 pedum
604 444 734 474 cursu
757 431 898 477 valet,
923 432 970 473 et
987 432 1061 484 (fui
1079 433 1244 473 viribus
1269 432 1410 474 audax

232 506 325 542 Aut
333 501 481 552 jaculo
499 500 667 544 incedit
684 500 842 541 melior
859 500 1116 553 levibusque
1131 502 1301 554 sagittis
1318 533 1327 550 ,

232 574 317 612 Seu
336 570 475 614 crudo
495 569 592 611 fidit
606 580 802 626 pugnam
830 569 1109 611 committere
1130 572 1276 613 cestu:

230 640 387 681 Cuncti
413 640 583 688 adsint,
615 639 875 691 meritaeque
894 641 1148 691 exspectent
1169 641 1352 692 praemia
1369 641 1543 693 palmas.

230 711 317 751 Ore
336 708 479 752 favete
496 720 648 751 omnes
660 741 673 759 ‚
696 712 739 750 et
762 712 965 762 tempora
980 709 1142 761 cingite
1155 709 1331 751 ramis.»

285 778 354 821 Sic
371 776 482 821 fatus
498 809 507 825 ,
530 778 648 822 velat
668 779 868 820 materna
884 783 1084 831 tempora
1099 780 1261 830 myrto.

232 850 329 889 Hoc
350 848 561 901 Helymus
585 847 710 895 facit,
737 849 819 890 hoc
838 848 920 889 aevi
940 851 1136 891 maturus
1157 852 1360 894 Acestes.

234 918 330 958 Hoc
350 927 458 972 puer
476 918 707 964 Ascanius;
728 918 927 970 sequitur
945 928 1055 970 quos
1069 920 1216 959 cetera
1232 917 1385 971 pubes.

230 987 308 1028 Ille
328 998 352 1028 e
372 987 562 1030 concilio
579 988 728 1029 multis
746 998 848 1029 cum
868 980 1066 1029 millibus
1087 988 1179 1029 ibat

233 1056 301 1097 Ad
317 1056 561 1102 tumulum,
583 1067 744 1109 magna
765 1056 936 1099 medius
952 1058 1194 1099 comitante
1210 1061 1402 1100 caterva.

233 1128 316 1169 Hic
335 1127 424 1170 duo
442 1130 522 1170 rite
538 1139 662 1170 mero
680 1129 819 1169 libans
835 1125 1060 1170 carchesia
1077 1127 1250 1169 Baccho

232 1198 395 1238 Fundit
411 1197 559 1244 humi,
580 1197 670 1238 duo
690 1197 801 1238 lacte
820 1206 944 1237 novo
960 1226 971 1248 ‚
997 1196 1087 1237 duo
1105 1197 1322 1248 sanguine
1339 1205 1464 1238 sacro
1481 1212 1490 1242 ;

232 1267 577 1319 Purpureosque
591 1266 697 1315 iacit
713 1265 841 1307 flores
859 1297 867 1313 ,
889 1276 940 1307 ac
960 1265 1062 1306 talia
1082 1264 1200 1306 fatur
1222 1282 1232 1305 ι

235 1349 252 1370 α
276 1334 422 1383 Salve,
442 1340 592 1377 sancte
611 1345 789 1387 parens,
807 1334 993 1382 iterum;
1015 1335 1179 1376 salvete
1192 1366 1202 1381 ,
1221 1336 1391 1388 recepti

232 1402 543 1457 Nequidquam
558 1403 750 1451 cineres,
776 1404 1023 1456 animasque
1037 1404 1294 1456 umbraeque
1308 1406 1519 1457 paternae.

232 1475 330 1515 Non
347 1472 471 1514 licuit
492 1472 599 1515 fines
612 1472 763 1520 Italos,
786 1471 1022 1525 fataliaque
1039 1483 1142 1514 arva
1160 1505 1168 1521 ,
1398 1474 1547 1525 [brim.

232 1543 323 1583 Nec
356 1544 502 1583 tecum
528 1543 774 1583 Ausonium
795 1573 804 1589 ‚
828 1543 1084 1595 quicunque
1111 1547 1191 1590 est,
1215 1551 1410 1595 quaerere
1430 1541 1547 1593 Thy-

286 1610 464 1651 Dixerat
476 1611 595 1653 haec:
613 1611 755 1662 adytis
777 1623 916 1664 quum
929 1611 1129 1653 lubricus
1151 1613 1308 1664 anguis
1328 1611 1381 1654 ab
1401 1611 1497 1652 imis

234 1682 410 1734 Septem
424 1680 582 1733 ingens
604 1691 764 1734 gyros,
787 1684 971 1734 septena
984 1681 1235 1726 volumina,
1258 1681 1414 1729 traxit,

235 1749 470 1803 Amplexus
487 1749 658 1802 placIde
678 1751 897 1792 tumulum
916 1779 924 1796 ‚
942 1750 1175 1802 lapsusque
1196 1761 1276 1803 per
1295 1761 1388 1793 aras
1405 1766 1415 1797 ;

233 1820 432 1862 ceruleas
451 1820 521 1862 cui
540 1823 663 1873 terga
679 1824 812 1867 notae,
837 1820 1080 1861 maculosus
1100 1821 1145 1862 et
1163 1831 1273 1861 auro

231 1892 465 1942 squamam
482 1889 753 1932 incendebat
769 1888 941 1942 fulgor:
966 1901 1046 1931 ceu
1066 1889 1260 1931 nubibus
1286 1899 1413 1932 arcus

236 1960 358 2001 Mille
372 1960 482 2012 jacit
499 1961 645 2002 varios
664 1960 849 2002 adverso
868 1960 960 2002 sole
981 1959 1170 2002 colores.

236 2028 477 2082 Obstupuit
498 2029 592 2071 visu
609 2033 778 2071 AEneas.
802 2029 899 2076 Ille,
918 2029 1092 2082 agmine
1110 2029 1247 2080 longo

234 2100 431 2141 Tandem
450 2100 567 2142 inter
582 2101 756 2153 pateras
774 2102 818 2141 et
834 2099 951 2140 levia
969 2098 1130 2151 pocula
1147 2109 1351 2153 serpens.

237 2168 493 2221 Libavitque
513 2167 659 2222 dapes,
684 2179 922 2221 rursusque
940 2167 1146 2209 innoxius
1162 2168 1252 2208 imo

239 2239 454 2279 successit
476 2237 665 2284 tumulo,
689 2239 734 2280 et
748 2237 928 2292 depasta
947 2237 1101 2278 altaria
1120 2237 1262 2289 liquit.

240 2308 334 2348 Hoc
355 2306 494 2357 magis
513 2306 717 2360 inceptos
735 2305 922 2357 genitori
938 2305 1153 2346 instaurat
1166 2304 1380 2351 honores,

237 2377 440 2418 Incertus
460 2407 468 2422 ,
492 2376 742 2417 Geniunine
760 2377 871 2425 loci,
894 2375 1185 2418 Famulumne
1202 2375 1397 2429 parentis
1428 2403 1430 2405 -

238 2448 342 2488 Esse
366 2449 485 2501 putet
509 2463 517 2487 :
537 2445 666 2489 ctedIt
684 2446 807 2489 binas
830 2445 882 2488 de
904 2458 1029 2489 mure
1046 2445 1247 2489 bidentes
1268 2479 1275 2494 ,

1491 351 1512 389 ὁ»

1516 351 1539 387 ΕΛ
