1917 2942
327 337 408 376 (554
857 333 1020 372 LIBER
1060 335 1085 371 i.
1567 335 1638 371 ’.Τι’

328 423 492 477 Viginti
512 425 685 469 tauros,
709 431 975 474 magnorum
994 419 1217 461 horrentia
1233 420 1413 462 centum

328 499 613 548 Tergasuum
632 526 640 541 ,
663 494 849 546 pingues
864 494 1043 534 centum
1058 502 1158 533 cum
1179 490 1392 532 matribus
1412 500 1571 542 agnos,

331 568 513 607 Munera
532 596 542 615 ,
560 564 850 615 laetitiamque
871 561 951 601 dii.

331 637 390 674 At
410 632 567 675 domus
585 631 772 673 interior
787 630 922 683 regali
944 629 1174 683 splendida
1193 627 1295 670 luxu

328 704 582 750 Instruitur‚
606 701 851 754 mediisque
868 705 1028 753 parant
1052 699 1259 741 convivia
1279 698 1419 741 tectis.

331 776 436 815 Arte
457 774 663 815 laboratae
683 772 824 812 vestes
844 802 852 818 ,
872 772 1084 822 ostroque
1101 769 1318 822 superbo;

328 843 491 893 Ingens
513 842 744 892 argentum
766 839 929 879 mensis
950 870 958 886 ‚
982 837 1219 888 caelataque
1238 838 1284 877 in
1301 848 1409 878 auro

331 910 480 951 Fortia
498 908 610 951 facta
629 913 805 962 patrum
826 939 834 954 ,
858 908 991 948 series
1009 907 1261 955 longissima
1282 918 1430 948 rerum
1450 938 1458 954 ,

331 983 419 1021 Per
438 982 503 1021 tot
519 979 651 1021 ducta
670 980 789 1019 viros
810 978 989 1029 antiqua
1008 975 1060 1017 ab
1081 976 1253 1027 origine
1276 977 1435 1028 gentis.

384 1051 538 1091 AEueas
554 1050 716 1101 (neque
736 1048 853 1090 enim
871 1045 1036 1100 patrius
1056 1044 1298 1087 consistere
1318 1048 1513 1087 mentem

333 1119 489 1158 Passus
509 1118 652 1167 amor)
670 1115 874 1168 rapidum
895 1114 949 1155 ad
968 1125 1099 1156 naves
1121 1114 1350 1167 praemittit
1370 1114 1568 1156 Achaten
1588 1148 1596 1162 ,

332 1186 521 1227 Ascanio
543 1183 652 1227 ferat
669 1184 791 1230 haec3
815 1185 1048 1237 ipsumque
1070 1182 1125 1225 ad
1147 1184 1311 1224 moenia
1332 1181 1484 1224 ducat.

330 1254 483 1295 Omnis
500 1256 545 1294 in
563 1254 753 1296 Ascanio
769 1255 859 1296 cari
873 1256 958 1294 stat
979 1263 1087 1294 cura
1102 1252 1314 1306 parentis.

332 1327 513 1365 Munera
530 1326 758 1377 prseterea,
780 1323 922 1364 Iliacis
941 1324 1089 1375 erepta
1110 1321 1248 1363 ruinis
1265 1353 1275 1369 ,

334 1397 466 1435 Ferre
479 1393 626 1443 juben
649 1391 809 1446 pallam
827 1390 961 1442 signis
987 1401 1183 1443 auroque
1199 1390 1436 1442 rigentem,

337 1464 390 1501 Et
408 1461 743 1503 circumtextum
761 1469 923 1501 croceo
942 1460 1143 1501 velamen
1164 1459 1369 1509 acantho,

336 1533 527 1571 Ornatus
548 1530 722 1581 Argivae
744 1524 950 1577 Helenae}
972 1540 1081 1582 quos
1102 1529 1174 1570 illa
1199 1530 1411 1581 Mycenis.
1446 1572 1447 1575 ,

337 1602 551 1652 Pergama
566 1610 701 1652 quum
721 1601 893 1652 peteret
907 1597 1275 1653 inconcessosque
1294 1599 1447 1652 hymet
1461 1611 1565 1653 aeos,

337 1671 572 1718 Extulerat‚
595 1670 749 1711 matris
771 1668 900 1711 Ledae
920 1668 1121 1711 mirabile
1138 1667 1322 1710 donum.
1340 1687 1400 1707 ..a
1461 1654 1463 1661 ⁸

336 1741 553 1780 Praeterea
564 1739 801 1792 sceptrum,
823 1738 964 1781 Ilione
983 1737 1103 1791 quod
1122 1739 1315 1790 gesserat
1331 1738 1450 1784 olim,

338 1808 524 1849 Maxima
538 1811 743 1849 natarum
759 1807 936 1853 Priami,
958 1808 1158 1861 colloque
1175 1807 1340 1849 monile

337 1879 590 1924 Baccatum,
615 1881 658 1918 et
675 1875 897 1929 duplicem
918 1876 1100 1927 gemmis
1119 1885 1317 1928 auroque
1333 1885 1562 1917 coronam.

338 1947 446 1986 Haec
469 1945 683 1992 celerans,
705 1945 789 1987 iter
809 1943 863 1985 ad
883 1954 1016 1985 naves
1032 1944 1244 1985 tendebat
1265 1943 1469 1986 Achates.
1645 1956 1703 1980 μκ-

393 2015 451 2054 At
470 2013 685 2066 Cytherea
700 2024 837 2054 novas
853 2018 982 2060 artes,
1003 2023 1120 2054 nova
1142 2017 1323 2065 pectore
1338 2017 1484 2055 versat

340 2082 545 2130 Consilia,
565 2086 630 2130 ut,
649 2082 806 2125 faciem
822 2085 1017 2124 mutatus
1033 2085 1077 2124 et
1092 2094 1183 2131 ora,
1209 2083 1384 2135 Cupido

342 2157 430 2195 Pro
446 2153 564 2195 dulci
581 2152 770 2195 Ascanio
786 2153 951 2199 veniat,
975 2152 1189 2208 donisque
1207 2151 1428 2195 furentem

341 2221 559 2264 Incendat
576 2222 790 2274 reginam,
809 2223 939 2275 atque
957 2222 1127 2283 ossibus
1144 2221 1343 2275 implicet
1361 2221 1523 2273 ignem.

344 2293 519 2346 Quippe
537 2291 720 2334 domum
735 2291 863 2333 timet
878 2292 1146 2344 ambiguam,
1163 2291 1401 2344 Tyriosque
1414 2290 1635 2343 bilingues
1653 2306 1662 2336 ;

347 2362 446 2402 Urit
463 2364 588 2403 atrox
607 2363 739 2409 Juno,
762 2362 805 2404 et
823 2360 901 2403 sub
925 2363 1105 2403 noctem
1125 2372 1232 2403 cura
1250 2363 1463 2403 recursat.

346 2435 461 2485 Ergo
474 2432 543 2473 his
558 2431 773 2484 aligerum
791 2430 918 2472 dictis
940 2430 1114 2472 adfatur
1139 2434 1346 2472 Amorem
1367 2442 1377 2466 ι
