1917 2942
180 324 250 365 ¹56
477 314 479 316 ’
675 323 841 361 Lmen
871 321 962 361 vn.

177 408 303 450 Hand
318 418 440 449 mora
462 421 472 447 z
495 406 702 448 festinant
715 407 826 458 jussi
839 437 850 458 ‚
869 406 1120 460 rapidisque
1140 407 1341 449 feruntur

178 477 391 518 passibus.
411 478 507 528 Ipse
526 473 679 516 humili
701 474 901 529 designat
919 475 1083 517 moenia
1103 474 1236 522 fossa,

177 543 440 597 Moliturque
457 545 602 586 locum
620 559 630 591 ;
650 545 905 598 primasque
920 543 967 584 in
986 542 1116 584 litore
1132 542 1256 586 sedes
1269 574 1279 590 .

176 616 428 655 Castrorum
448 613 491 653 in
512 623 680 654 morem
697 642 706 658 ‚
723 612 869 666 pinnis
884 616 1015 666 atque
1034 623 1191 665 aggere
1207 602 1359 665 cingit.

177 686 360 735 Jamque
379 681 462 723 iter
474 681 659 728 emensi,
682 684 824 723 turres
839 693 888 724 ac
904 683 1020 724 tecta
1037 682 1293 723 Latinorum

181 751 330 793 Ardua
348 751 587 794 cernebant
601 752 810 802 jnvenes,
828 762 1044 805 muroque
1059 751 1291 793 subibant:

179 824 290 864 Ante
304 821 457 862 urbem
477 821 626 875 pueri,
648 826 690 863 et
706 820 919 875 primaevo
936 819 1041 862 flore
1056 821 1266 871 Juventus
1285 850 1294 866 ‚

183 893 452 934 Exercentur
467 890 588 942 equis
602 920 611 937 ,
635 889 943 944 domitantque
959 892 1004 931 in
1021 891 1200 943 pulvere
1219 901 1396 936 currus:

184 964 270 1002 Aut
286 971 406 1002 acres
426 961 616 1004 tendunt
637 971 785 1007 arcus,
806 963 881 1002 aut
899 961 1016 1002 lenta
1031 960 1203 1003 lacertis

182 1030 354 1085 Spicula
371 1032 685 1082 contorquent,
709 1040 928 1082 cursuque
944 1029 1121 1083 ictuque
1147 1030 1370 1071 lacessunt
1391 1046 1400 1069 ε

183 1102 324 1149 Quum
339 1100 581 1152 praevectus
595 1109 709 1150 equo
727 1098 914 1150 longaevi
929 1099 1044 1150 regis
1061 1097 1115 1139 ad
1134 1109 1262 1141 aures

184 1168 367 1209 Nuntius
388 1167 585 1218 ingentes
603 1167 753 1220 ignota
767 1168 813 1207 in
828 1169 947 1210 veste
964 1170 1162 1218 reportat

184 1236 421 1280 Advenisse
441 1238 573 1278 viros.
592 1237 667 1279 Ille
688 1236 804 1292 intra
821 1241 936 1280 tecta
955 1238 1107 1279 vocari

185 1309 388 1360 Imperat,
404 1308 448 1348 et
465 1306 574 1348 solio
596 1305 766 1348 medius
788 1307 990 1348 consedit
1009 1307 1143 1350 avito.

185 1381 364 1420 Tectum
381 1379 629 1429 augustum,
653 1376 822 1428 ingens,
850 1380 1029 1419 centum
1048 1377 1234 1421 sublime
1252 1378 1483 1426 columnis.

189 1448 300 1490 Urbe
319 1446 398 1489 fuit
412 1458 596 1496 summa,
622 1448 851 1490 Laurentis
865 1448 985 1499 regia
1003 1448 1093 1506 Pici
1108 1479 1119 1496 .

190 1508 472 1559 Hor-rendum
493 1516 611 1558 silvis
627 1518 670 1559 et
687 1516 917 1567 relligione
933 1522 1176 1570 parentum.

190 1589 272 1629 Hic
289 1589 461 1641 sceptra
479 1586 699 1640 ademere,
720 1591 763 1628 et
778 1585 942 1639 primos
962 1585 1172 1629 adtollere
1192 1584 1343 1634 fasces,

193 1658 379 1709 Regibus
399 1666 530 1698 omen
551 1657 665 1698 erat:
687 1655 773 1697 hoc
789 1656 871 1697 illis
894 1656 1016 1698 curia
1033 1656 1260 1708 templum,

192 1729 266 1767 Hae
287 1725 418 1768 sacris
434 1726 557 1769 sedes
576 1725 735 1779 epulis:
760 1725 832 1768 hic
849 1727 984 1767 ariete
1012 1735 1124 1767 caeso

194 1797 419 1851 Perpetuis
434 1796 551 1839 soliti
571 1799 715 1850 patres
731 1795 961 1839 considere
982 1797 1163 1837 mensis.

193 1866 305 1916 Quin
325 1867 455 1909 etiam
474 1869 673 1909 veterum
697 1864 860 1918 effigies
879 1876 929 1907 ex
948 1864 1106 1907 ordine
1126 1875 1311 1907 avorum

195 1939 385 1992 Antiqua
407 1950 430 1980 e
447 1939 579 1982 cedro
596 1969 607 1986 ‚
624 1938 842 1991 Italusque
861 1969 870 1985 ,
891 1939 1103 1990 paterque
1125 1936 1310 1977 Sabinus

194 2006 400 2049 vitisator
416 2038 426 2054 ,
445 2015 627 2049 curvam
647 2017 822 2048 servans
834 2006 912 2046 snb
934 2005 1122 2056 imagine
1141 2003 1321 2051 falcem,

194 2078 489 2130 Saturnusque
507 2087 636 2119 senex
652 2107 664 2127 ‚
679 2078 703 2116 J
708 2076 865 2128 unique
879 2073 1081 2117 bifrontis
1095 2074 1241 2127 imago
1257 2107 1266 2121 .

177 2146 417 2187 ‘vestibulo
438 2145 694 2193 adstabant3
718 2145 876 2197 aliique
894 2145 947 2186 ab
968 2144 1136 2198 origine
1155 2155 1301 2197 reges,

201 2216 440 2268 Martiaque
457 2215 514 2258 ob
534 2214 717 2268 patriam
729 2213 969 2268 pugnando
984 2216 1170 2257 vulnera
1184 2217 1314 2269 passi.

200 2286 414 2341 Multaque
429 2290 647 2341 praeterea
659 2285 793 2328 sacris
807 2285 854 2327 in
868 2286 1069 2338 postibus
1083 2297 1206 2328 arma
1223 2303 1233 2335 ς

200 2355 365 2406 captivi
382 2355 578 2410 pendent
586 2366 740 2398 currus
756 2384 767 2407 ,
790 2365 1026 2409 curvaeque
1040 2366 1214 2398 secures
1228 2386 1239 2407 ,

203 2425 249 2465 Et
270 2424 410 2468 cristae
432 2425 623 2479 capitum
638 2454 648 2472 ,
669 2427 714 2468 et
736 2426 964 2481 portarum
987 2423 1184 2479 ingentia
1204 2428 1392 2469 claustra
1414 2458 1421 2471 .

1395 324 1444 362 g

1448 323 1470 360 xi
