1917 2942
212 296 283 335 404
717 300 882 341 LIBER
914 302 1022 342 VIlI.
1441 309 1517 348 343

208 380 377 423 Viribus
394 381 643 426 indubitare
663 385 766 425 tuis.
786 400 803 423 >n
829 389 888 427 Ea
909 386 1040 429 verba
1059 387 1237 430 locutus

208 453 391 504 Optatos
411 451 534 494 dedit
551 453 774 506 amplexus
792 487 801 503 ‚
822 455 1131 510 placidumque
1151 459 1308 513 petivit

208 521 413 573 eonjugis
434 520 604 564 infusus
628 524 799 574 gremio
817 535 899 578 per
918 526 1119 568 membra
1137 538 1358 581 soporem.

261 590 370 633 lnde
389 620 398 637 ,
420 591 496 632 ubi
515 592 660 645 prima
680 594 804 645 quies
824 594 968 636 medio
979 597 1070 647 jam
1089 598 1230 640 noctis
1251 598 1412 641 abactae

209 660 437 702 Curriculo
456 661 687 715 expulerat
707 673 938 711 somnum:
960 676 1096 718 quum
1118 666 1280 710 femina
1296 669 1515 723 primum,

209 730 283 770 Cui
308 731 492 772 tolerare
509 732 607 773 colo
627 732 763 774 vitam
785 734 991 786 tenuique
1009 737 1207 779 Minerva

209 799 494 852 Impositum,
516 800 713 843 cinerem
733 805 776 843 et
795 803 962 856 sopitos
979 804 1163 846 suscitat
1181 807 1305 859 ignes
1320 838 1330 855 ,

209 869 394 911 Noctem
414 869 580 912 addens
601 872 749 924 operi:
771 872 1046 927 famulasque
1065 874 1120 915 ad
1141 876 1312 919 lumina
1329 876 1465 929 longo

209 940 393 980 Exercet
409 950 570 991 penso,
592 946 761 981 castum
781 943 831 982 ul:
849 953 1024 984 servare
1043 942 1187 985 cubile

210 1007 417 1061 ConJugis
431 1040 441 1060 ,
464 1012 509 1050 et
526 1011 663 1063 possit
681 1022 840 1064 parvos
860 1002 1052 1054 educere
1072 1016 1224 1054 natos:

211 1076 335 1118 Haud
353 1088 478 1120 secus
499 1080 758 1133 Ignipotens
779 1091 862 1122 nec
883 1087 1080 1134 tempore
1099 1082 1279 1134 segnior
1298 1082 1376 1124 illo

211 1146 410 1188 Mollibus
428 1160 451 1190 e
471 1149 614 1190 stratis
629 1159 764 1202 opera
784 1149 838 1191 ad
861 1148 1028 1191 fabrilia
1045 1152 1202 1204 surgit.

259 1217 407 1258 Insula
428 1217 650 1260 Sicanium
660 1221 785 1269 juxta
807 1219 920 1260 latus
943 1220 1217 1274 AEoliamque

209 1284 404 1336 Erigitur
425 1285 637 1339 Liparen.
658 1286 929 1329 fumantibus
952 1288 1091 1331 ardua
1105 1290 1215 1331 saxis
1235 1307 1245 1331 ι

209 1356 348 1403 Quam
366 1356 515 1397 subter
535 1368 689 1409 specus
707 1359 750 1399 et
770 1357 1013 1410 Cyclopum
1032 1369 1158 1401 exesa
1176 1359 1362 1401 caminis

211 1427 351 1467 Antra
366 1429 519 1468 AEtnea
537 1428 721 1476 tonant,
741 1426 964 1481 validique
979 1427 1214 1470 incudibus
1231 1429 1346 1470 ictus

212 1493 361 1536 Auditi
385 1496 586 1538 referunt
602 1497 839 1548 gemitum,
863 1495 1140 1547 striduntque
1158 1498 1361 1541 cavernis

207 1566 428 1608 Stricturae
445 1565 688 1618 Chalybum
703 1597 714 1617 ‚
730 1570 775 1608 et
789 1565 1041 1609 fornacibus
1059 1566 1171 1618 ignis
1190 1566 1386 1615 anhelat3

209 1635 390 1678 Vulcani
412 1636 570 1678 domus
588 1667 597 1682 ‚
620 1640 664 1680 et
678 1637 889 1678 Vulcania
906 1637 1088 1679 nomine
1109 1636 1252 1679 tellus.

212 1708 304 1746 Hoc
326 1708 432 1747 tunc
449 1706 704 1759 Ignipotens
725 1706 838 1747 coelo
856 1704 1085 1747 descendit
1103 1705 1155 1746 ab
1175 1706 1280 1748 alto.

211 1776 394 1815 Ferrum
415 1774 677 1817 exercebant
691 1777 815 1816 vasto
835 1774 1045 1828 Cyclopes
1064 1775 1110 1814 in
1130 1776 1258 1817 antro
1272 1805 1282 1821 ,

208 1847 492 1898 Brontesque,
504 1848 810 1899 Steropesque.
825 1850 866 1885 et
881 1843 1025 1886 nudus
1040 1844 1238 1887 membra
1249 1848 1515 1898 Pyracmon.

212 1916 287 1956 His
305 1914 594 1956 informatum
612 1915 816 1956 manibus
832 1915 925 1966 jam
944 1917 1070 1969 parte
1089 1914 1229 1967 polita

211 1984 389 2026 Fulmen
408 1986 525 2029 eratz
546 1986 638 2025 toto
660 1984 833 2034 genitor
853 1994 948 2036 quae
972 1982 1161 2038 plurima
1176 1983 1291 2025 coelo

210 2054 362 2105 Dejicit
380 2055 425 2095 in
450 2058 583 2096 terras
599 2086 608 2102 ,
629 2065 728 2109 pars
742 2052 999 2108 imperiecta
1019 2053 1239 2094 manebat.

210 2126 307 2166 Tres
326 2124 475 2167 imbris
496 2124 600 2166 torti
620 2123 781 2171 radios,
803 2127 887 2166 tres
906 2123 1033 2164 nubis
1051 2134 1229 2175 aquosae

213 2192 483 2236 Addiderant
498 2225 508 2245 ‚
530 2192 649 2234 rutili
670 2196 757 2235 tres
773 2192 888 2246 ignis
904 2224 913 2238 .
930 2195 975 2234 et
993 2192 1106 2233 alitis
1127 2192 1290 2233 Austri.

212 2264 385 2315 vFulgore
399 2277 417 2306 s
438 2275 557 2306 nunc
578 2260 831 2311 horrificos,
850 2263 1136 2317 sonitumque
1153 2294 1164 2314 ,
1182 2265 1436 2317 metumque

212 2335 447 2377 Miscebant
468 2335 587 2388 operi
606 2365 615 2382 ,
637 2332 908 2387 flammisque
925 2333 1183 2386 sequacibus
1205 2334 1305 2375 iras.

215 2409 338 2446 l‘arle
359 2406 440 2447 alia
461 2407 584 2447 Marti
604 2415 868 2459 currumque
887 2408 1090 2457 rotasque
1106 2404 1308 2446 volucres
