1917 2942
314 377 367 417 78
806 375 1134 416 GEORGICON
1575 379 1625 417 78

315 463 406 502 Aut
424 464 598 502 rursum
615 459 781 502 enodes
796 463 943 502 trunci
960 462 1229 509 resecantur,
1252 462 1295 503 et
1310 463 1394 505 alte

316 531 362 571 Fi
371 530 518 571 nditur
536 530 582 570 in
597 529 790 571 solidum
809 531 959 571 cuneis
981 529 1076 578 via;
1108 529 1267 573 deinde
1283 530 1447 575 feraces

316 598 485 640 Plantae
502 598 804 640 immittuntur
826 614 836 637 2
855 609 939 641 nec
958 600 1142 652 longum
1161 600 1345 652 tempus,
1363 604 1408 642 et
1423 602 1577 652 ingens

316 669 431 709 Exiit
451 667 506 709 ad
523 669 687 710 c‹rlum
705 668 841 709 ramis
858 667 1057 710 felicibus
1078 669 1206 711 arbos
1225 701 1235 720 ,

320 737 592 790 Miraturque
609 748 746 779 novas
763 736 942 779 frondes
956 738 1001 778 et
1018 748 1110 780 non
1130 749 1207 779 sua
1222 748 1369 791 poma.

370 809 592 850 Praeterea
611 805 880 860 genusliaud
895 817 1052 856 unum,
1074 818 1157 849 nec
1177 805 1363 849 fortibus
1381 808 1527 857 ulmis,

318 877 356 917 N
363 887 414 919 ec
432 876 575 918 salici.
593 877 789 929 lotoque,
809 886 952 928 neque
970 875 1097 918 Idaeis
1111 877 1342 928 cyparissis
1360 894 1370 916 :

319 946 356 985 N
365 956 414 986 ec
432 944 621 999 pingues
638 955 775 986 unam
794 944 839 984 in
857 941 1015 986 faciem
1031 949 1277 987 nascuntur
1296 946 1446 993 olivae.

323 1016 570 1061 orchades,
590 1017 636 1058 et
654 1016 794 1062 radii,
818 1016 862 1056 et
889 1025 1039 1056 amara
1059 1015 1210 1069 pausia
1225 1015 1358 1058 bacca
1376 1031 1386 1056 ε

322 1089 547 1139 Pomaque
565 1116 573 1133 ,
594 1086 638 1127 et
662 1085 834 1126 Alcinoi
849 1084 993 1132 silvae;
1015 1095 1098 1126 nec
1117 1085 1315 1127 surculus
1335 1085 1453 1128 idem

319 1155 583 1197 Crustumiis
601 1154 825 1207 Syriisque
840 1153 946 1206 piris
961 1185 970 1199 ‚
995 1154 1288 1206 gravibusque
1304 1154 1505 1197 volemis.

320 1227 357 1265 N
360 1235 419 1265 on
438 1223 592 1266 eadem
610 1225 840 1267 arboribus
858 1226 1024 1279 pendet
1038 1226 1261 1268 vindemia
1276 1228 1437 1269 nostris
1449 1259 1459 1278 ‚

288 1316 294 1320 ·
322 1297 464 1344 Quam
482 1295 779 1347 Methymnaeo
797 1296 941 1351 carpit
956 1297 1012 1337 de
1027 1297 1207 1352 palmite
1228 1298 1413 1340 Lesbos:

321 1366 434 1405 Sunt
452 1362 618 1405 Thasiae
634 1364 745 1406 vites
759 1380 769 1413 ;
784 1368 888 1406 sunt
904 1367 949 1409 et
965 1365 1225 1408 Mareotides
1242 1365 1349 1407 alhae
1363 1383 1373 1414 3

321 1433 565 1486 Pinguibus
580 1433 648 1474 hae
668 1435 796 1476 terris
814 1434 1004 1480 habiles,
1025 1434 1264 1477 levioribus
1279 1435 1382 1483 illae:

321 1503 377 1541 Et
391 1512 519 1554 passo
534 1500 703 1543 Psithia
722 1502 900 1550 utilior,
923 1503 1154 1555 tenuisque
1171 1505 1334 1556 Lageos
1352 1535 1362 1551 ,

322 1573 564 1613 'sentatura
583 1570 717 1625 pedes
735 1572 863 1619 olim,
880 1572 1176 1624 vincturaque
1196 1573 1417 1625 linguam;

324 1644 590 1697 Purpureae,
617 1644 868 1696 preciaeque
886 1659 896 1690 ;
920 1646 965 1685 et
981 1653 1069 1696 quo
1089 1646 1131 1684 te
1149 1645 1344 1685 carmine
1364 1643 1510 1687 dicam
1524 1675 1534 1690 ,

326 1713 558 1756 Rhaetica?
579 1725 664 1756 nec
692 1714 813 1757 cellis
832 1713 934 1756 ideo
955 1714 1180 1756 contende
1199 1715 1413 1757 Falernis.

325 1783 436 1822 Sunt
455 1783 500 1823 et
518 1782 727 1825 Aminaeae
757 1783 893 1831 vites,
917 1781 1165 1823 firmissima
1184 1782 1311 1830 vina3

325 1852 505 1893 Tmolus
525 1855 570 1892 et
586 1851 784 1904 adsurgit
798 1850 953 1904 quibus
974 1852 1018 1891 et
1031 1862 1105 1892 rex
1123 1851 1217 1902 ipse
1238 1851 1480 1899 Phanzeus;

326 1919 578 1973 Argitisque
597 1920 761 1968 minor.
784 1919 856 1962 cui
874 1932 967 1962 non
988 1921 1225 1962 certaverit
1241 1921 1330 1961 ulla

327 1991 417 2029 Aut
435 1991 608 2030 tantum
631 1985 792 2035 fluere.
815 1989 890 2028 aut
906 1986 1088 2030 totidem
1107 1986 1268 2029 durare
1288 1999 1366 2040 per
1384 1998 1538 2030 annos·

327 2057 366 2096 N
372 2067 431 2097 on
447 2067 530 2109 ego
552 2060 593 2098 te
608 2088 618 2105 ‚
641 2055 706 2097 dis
726 2057 771 2098 et
784 2055 944 2098 mensis
961 2055 1149 2108 adcepta
1164 2054 1368 2097 secundis
1385 2087 1395 2107 ,

327 2124 617 2173 Transierim,
645 2124 836 2173 Rhodia,
860 2127 902 2167 et
924 2124 1124 2172 tumidis,
1145 2126 1350 2166 Bumaste
1365 2156 1374 2173 ‚
1392 2125 1592 2166 racemis.

329 2195 416 2237 Sed
430 2206 590 2248 neque,
604 2208 738 2250 quarn
756 2196 905 2238 multae
922 2196 1103 2250 species,
1125 2206 1210 2238 nec
1230 2195 1410 2238 nomina
1430 2207 1526 2248 quae
1542 2197 1644 2244 sint,

330 2269 408 2307 Est
424 2277 647 2315 numerus3
664 2278 809 2320 neque
820 2267 940 2308 enim
953 2276 1143 2308 numero
1159 2265 1480 2319 comprendere
1497 2265 1646 2309 refert:

333 2337 476 2385 Quem
496 2336 569 2388 qui
589 2336 699 2377 scire
722 2335 852 2380 velit,
874 2334 1025 2386 Libyci
1043 2334 1151 2377 velit
1169 2334 1354 2387 aequoris
1371 2333 1491 2377 idem

332 2407 508 2450 Discere
525 2417 658 2459 quam
681 2406 829 2447 multae
850 2404 1051 2458 Zephyro
1072 2403 1302 2446 turbentur
1321 2414 1487 2450 arenam

335 2479 449 2524 Aut,
474 2475 546 2518 ubi
568 2475 755 2529 navigiis
775 2474 1012 2519 violentior
1028 2473 1185 2518 incidit
1205 2477 1342 2516 Eurus
1362 2506 1371 2523 ,
