1917 2942
217 330 291 371 1105
740 335 903 375 LIBER
938 338 1004 375 lv.
1456 343 1535 383 229

218 422 363 468 Quum
384 420 618 474 populant,
640 421 794 464 hiemis
810 435 1043 467 memores,
1067 426 1528 483 tectoquerepouum:

218 492 257 529 It
277 491 454 543 nigrum
471 493 638 545 eampis
657 503 840 544 agmen,
862 495 1148 550 praedamque
1167 508 1248 550 per
1267 497 1427 541 herbas

215 562 491 602 convectant
510 562 619 604 calle
639 564 826 614 angusto
842 578 851 610 ;
872 574 974 616 pars
993 564 1178 616 grandia
1197 566 1384 608 trudunt

216 629 396 671 Obnixae
415 629 635 673 frumenta
649 630 846 674 humeris
866 648 876 679 ;
898 644 998 686 pars
1016 635 1190 685 agmina
1208 641 1395 689 cogunt,

214 700 527 753 castigantque
540 712 714 749 moras;
736 713 870 755 opere
891 704 1037 745 omnis
1055 704 1208 745 semita
1228 705 1389 748 fervet.

266 771 372 819 Quis
391 769 465 810 tibi
481 782 615 818 nunc,
641 772 768 818 Dido,
804 774 1008 815 cernenti
1024 772 1126 814 talia
1146 776 1330 816 sensus?

214 841 391 889 Quosve
412 840 541 883 dabas
558 843 763 894 gemitus,
795 854 932 896 quum
953 843 1083 885 litora
1104 843 1275 888 fervere
1293 846 1382 888 late

214 909 493 963 Prospieeres
511 921 609 954 arce
628 923 679 953 ex
695 923 891 960 summa,
915 915 1144 966 totumque
1160 914 1334 956 videres

213 978 384 1020 Misceri
403 982 504 1022 ante
526 982 677 1022 oculos
698 982 832 1023 tantis
847 982 1115 1023 clamoribus
1135 984 1315 1034 aequor?

213 1047 419 1100 Improbe
439 1059 587 1096 amor,
611 1049 717 1102 quid
734 1060 825 1091 non
844 1051 1049 1091 mortalia
1070 1052 1251 1103 pectora
1271 1051 1419 1103 cogis!

212 1118 282 1158 Ire
301 1117 463 1158 iterum
481 1118 526 1158 in
545 1119 784 1171 lacrymas,
804 1119 967 1161 iterum
983 1123 1157 1163 tentare
1173 1120 1398 1173 precando

213 1186 418 1237 Cogitur,
442 1192 486 1229 et
503 1190 686 1242 supplex
704 1189 874 1230 animos
889 1187 1150 1231 submittere
1170 1189 1309 1231 amori
1332 1205 1341 1229 :

212 1256 274 1295 Ne
291 1254 397 1307 quid
410 1256 690 1309 inexpertum
705 1256 866 1298 frustra
879 1256 1098 1298 moritura
1115 1257 1356 1311 relinquat.

270 1339 286 1360 a
307 1328 461 1376 Anna,
479 1325 602 1368 vides
623 1329 718 1368 toto
742 1327 974 1381 properari
994 1327 1123 1369 litore
1141 1343 1151 1374 3
1172 1328 1345 1369 circum

213 1391 420 1445 Undique
440 1405 690 1437 convenere
707 1411 716 1443 ;
738 1398 869 1437 vocat
882 1395 975 1446 jam
995 1396 1198 1438 carbasus
1214 1407 1342 1437 auras
1360 1412 1370 1443 ;

214 1464 439 1517 Puppibus
460 1469 504 1506 et
521 1465 611 1505 laeti
628 1466 773 1506 nautae
791 1465 1041 1520 imposuere
1061 1476 1262 1507 coronas.
1324 1492 1325 1497 =

213 1536 346 1576 Hunc
361 1545 444 1586 ego
462 1535 493 1576 si
520 1536 642 1588 potui
667 1538 835 1576 tantum
852 1547 1033 1589 sperare
1054 1535 1256 1578 dolorem
1276 1569 1284 1584 ‚

211 1604 270 1642 Et
283 1603 502 1657 perferre,
522 1615 672 1650 soror,
698 1606 869 1658 potero.
911 1607 1079 1647 Miserae
1098 1605 1187 1646 hoc
1206 1609 1356 1647 tamen
1391 1617 1530 1648 unum

213 1676 486 1725 Exsequere,
509 1677 660 1719 Anna,
685 1674 793 1716 mihi
813 1691 822 1715 :
842 1676 983 1717 solam
1001 1686 1102 1716 nam
1121 1666 1410 1729 perfidus'ille

212 1747 273 1785 Te
291 1745 453 1790 colere,
472 1755 661 1786 arcanos
678 1745 812 1787 etiam
834 1745 910 1787 tibi
932 1745 1115 1788 credere
1143 1756 1324 1795 sensus3

213 1813 312 1855 Sola
329 1814 416 1856 viri
430 1814 586 1858 molles
605 1814 761 1862 aditus,
789 1818 833 1857 et
853 1819 1054 1869 tempora
1069 1826 1216 1857 noras.

214 1887 232 1923 I
252 1915 261 1930 ‚
284 1895 423 1931 soror,
444 1886 574 1936 atque
585 1883 760 1927 bostem
780 1885 964 1940 supplex
985 1883 1134 1927 adfare
1153 1886 1395 1939 superbum
1415 1901 1425 1924 :

213 1954 315 1993 Non
334 1963 416 2006 ego
429 1964 528 1995 cum
549 1955 707 1996 Danais
725 1952 956 2004 ‘trojanam
977 1953 1229 1996 exscindere
1247 1957 1427 2007 gentem

213 2022 373 2064 Aulide
385 2023 553 2073 juravi,
576 2025 814 2065 classemve
835 2021 887 2064 ad
907 2026 1124 2076 Pergama
1138 2023 1261 2071 misi;

215 2092 305 2134 Nec
327 2093 463 2146 patris
484 2091 687 2135 Ancliisae
705 2093 898 2135 cinerem
921 2095 1131 2133 Manesve
1149 2092 1319 2134 revelli.

214 2164 301 2202 (jur
320 2172 418 2204 mea
436 2162 554 2204 dicta
574 2165 709 2213 negat
725 2161 856 2202 duras
876 2160 1109 2203 demittere
1132 2162 1177 2201 in
1199 2164 1358 2203 aures?

213 2235 310 2282 Quo
327 2232 453 2274 ruit?
474 2235 732 2275 Extremum
748 2233 834 2274 hoc
851 2232 1022 2273 miserae
1040 2230 1115 2274 det
1128 2244 1290 2274 munus
1306 2234 1471 2274 amanti
1496 2250 1506 2275 ι

215 2291 446 2356 exspectet
465 2302 721 2354 facilemque
739 2301 887 2355 fugam
919 2304 1164 2355 ventosque
1186 2300 1391 2345 ferentes.

216 2375 310 2412 Non
326 2373 420 2423 jam
441 2373 699 2425 conjugium
714 2373 942 2425 antiquum
961 2403 970 2420 ‚
988 2372 1107 2425 quod
1123 2372 1320 2425 prodidit
1340 2406 1348 2421 ,
1369 2384 1448 2415 oro
1466 2390 1476 2420 ;

216 2443 306 2482 Nec
325 2440 510 2494 pulchro
527 2444 576 2483 ut
599 2442 716 2484 Latio
734 2444 902 2489 careat,
927 2452 1205 2495 regnumque
1223 2441 1443 2495 relinquat
1469 2459 1476 2482 :
