1917 2942
270 340 318 375 seo
771 334 992 374 MORETU
999 334 1055 371 M.
1501 335 1579 374 5525

267 422 491 465 Transfert
503 419 606 463 inde
625 414 760 462 nffli‘u
781 418 897 461 fusas
916 418 960 459 in
975 417 1124 460 cribra
1141 416 1322 463 farinas,

268 494 323 532 Et
336 493 491 546 quatit.
510 492 566 532 At
582 492 818 534 remanent
834 499 1008 531 summo
1024 489 1291 541 purgamina
1312 487 1444 529 dorso
1462 505 1471 534 ;

269 561 462 604 subsidit
485 562 654 620 sincera
673 559 1054 613 foraminibusque
1072 559 1267 612 liquatur

270 629 520 671 Emundata
539 633 669 672 Ceres
690 645 700 669 ε
726 629 825 670 laevi
845 634 938 670 tum
958 629 1161 683 protinus
1182 628 1305 669 illam

271 701 509 753 componit
526 699 669 740 tabula
685 728 697 747 ,
719 702 763 740 et
781 697 946 750 tepidas
962 710 1095 750 super
1113 699 1277 750 inger-It
1291 698 1448 740 undas,

273 770 508 812 contrahit
524 769 740 810 admixtos
754 778 875 810 nunc
895 766 1040 810 fontes
1061 770 1192 821 atque
1213 767 1374 809 farinas
1388 785 1398 816 ;

272 841 559 881 Transversat
573 837 730 880 durata
748 849 884 880 manu
902 870 911 885 ‚
932 836 1190 891 liquidoque
1208 841 1364 879 coacto

273 908 502 950 Interdum
520 918 701 960 grumos
723 909 890 962 spargit
909 909 995 950 sale
1010 924 1020 957 ;
1038 911 1218 960 jamque
1233 907 1465 950 subactum

275 979 424 1020 Laevat
441 989 553 1032 opus
571 1010 579 1025 ,
601 977 848 1032 palmisque
865 989 995 1018 suum
1011 976 1166 1019 dilatat
1183 976 1231 1017 in
1251 976 1427 1022 orbem,

276 1051 325 1090 Et
346 1051 494 1101 notat,
514 1048 743 1102 impressis
762 1059 890 1100 {equo
910 1047 1164 1091 discrimine
1185 1047 1378 1101 quadris.

275 1116 414 1160 Infert
428 1116 534 1159 inde
549 1117 650 1158 foco
673 1132 681 1156 :
704 1116 870 1168 Cybale
890 1115 1185 1158 mundaverat
1204 1120 1357 1169 aptum

277 1190 393 1229 Ante
407 1187 556 1229 locum
576 1200 585 1223 :
609 1187 817 1239 testisque
834 1187 962 1237 tegit3
986 1198 1119 1238 super
1136 1188 1315 1238 aggerat
1333 1186 1457 1237 ignes
1474 1200 1484 1231 ;

279 1259 484 1308 Dumque
503 1266 602 1296 suas
617 1254 791 1308 peragit
804 1256 1025 1297 Vulcanus
1043 1257 1245 1306 testaque
1263 1258 1430 1309 partes,

278 1325 469 1367 Simulus
489 1326 656 1367 interea
680 1336 818 1367 vacua
837 1335 929 1366 non
948 1328 1088 1367 cessat
1108 1325 1152 1365 in
1169 1323 1300 1372 hora;

281 1400 447 1439 Verum
462 1396 592 1437 aliam
613 1395 693 1436 sibi
715 1396 875 1448 quaerit
894 1405 1024 1449 opem
1041 1410 1051 1443 ;
1074 1406 1160 1437 neu
1179 1395 1272 1436 sola
1289 1395 1435 1446 palato

280 1467 345 1506 Sit
363 1476 448 1506 non
467 1467 592 1518 grata
611 1467 763 1511 Ceres,
780 1476 887 1517 quas
905 1466 1087 1517 jungat,
1111 1469 1339 1519 comparat
1355 1476 1491 1507 escas.

289 1539 389 1578 Non
406 1535 469 1577 illi
491 1546 703 1589 suspensa
723 1535 874 1577 focum
894 1535 1098 1576 carnaria
1112 1536 1241 1586 Juxta
1261 1568 1268 1582 ,

283 1606 435 1647 Durati
454 1606 544 1647 sale
565 1608 682 1657 terga
701 1605 788 1646 suis
806 1636 815 1655 ,
832 1604 1068 1658 truncique
1085 1603 1304 1646 vacabant
1323 1594 1334 1639 ὲ

283 1677 507 1724 Trajectus
523 1674 718 1716 medium
744 1678 893 1726 sparto
912 1675 986 1715 sesl
1007 1684 1160 1716 caseus
1180 1675 1357 1719 orbem.

283 1748 337 1789 Et
351 1747 478 1786 vetus
499 1744 694 1787 adstricti
712 1743 839 1787 fascis
855 1735 1078 1799 pendebat
1095 1744 1261 1785 anethi.

284 1818 399 1867 Ergo
416 1815 543 1856 aliam
561 1814 747 1856 molitur
767 1825 898 1868 opem
918 1815 1000 1856 sibi
1020 1816 1232 1867 providus
1249 1815 1396 1857 heros.

336 1886 502 1926 Hortus
518 1888 612 1926 erat
625 1885 804 1930 junctus
819 1884 977 1926 casulas
996 1915 1006 1930 ‚
1028 1895 1158 1936 quem
1178 1885 1344 1926 vimina
1364 1895 1506 1938 pauca

285 1953 522 1996 Etcalamo
545 1953 741 1995 recidiva
760 1952 844 1995 levi
862 1953 1063 1995 munibat
1080 1953 1252 1995 arundo
1272 1969 1282 2000 3

283 2025 476 2076 Exiguus
495 2025 652 2077 spatio,
671 2023 803 2065 variis
824 2022 899 2067 secl
922 2023 1072 2066 fertilis
1093 2024 1254 2066 herbis.

288 2098 382 2137 Nou
404 2096 463 2136 illi
486 2094 657 2141 deerat,
682 2094 801 2148 quod
820 2095 1028 2148 pauperis
1048 2095 1178 2146 exigit
1197 2107 1316 2137 usus.

288 2165 519 2208 interdum
539 2165 737 2218 locuples
758 2176 781 2206 a
801 2176 996 2219 paupere
1018 2165 1143 2218 plura
1160 2167 1355 2219 petebat.

286 2239 375 2279 Nec
394 2238 564 2277 sumtus
585 2238 679 2277 erat
697 2234 805 2277 illud
823 2247 948 2288 opus.
970 2234 1051 2278 Sed
1067 2236 1219 2288 regula
1238 2248 1356 2279 curae
1378 2252 1386 2274 :

287 2306 328 2346 Si
348 2305 526 2359 quando
546 2316 735 2347 vacuum
757 2306 906 2347 casula
923 2305 1139 2359 pluvizeve
1156 2307 1366 2348 tenebant
1383 2340 1390 2354 ,

289 2379 471 2420 'Festave
487 2378 558 2419 lux
572 2392 583 2424 3
604 2375 637 2417 si
655 2373 768 2418 forte
784 2375 909 2418 labor
927 2375 1120 2418 cessabat
1135 2381 1283 2419 aratro
1299 2394 1308 2425 ;

292 2448 416 2490 Horti
438 2459 549 2503 opus
565 2446 671 2489 illud
690 2450 801 2490 erat.
819 2447 968 2490 Varias
985 2447 1209 2502 deponere
1227 2449 1398 2501 plantas
