1917 2942
295 342 373 382 528
827 343 990 381 LIBER
1021 343 1073 381 ΙΙ.
1553 343 1602 381 95

296 429 413 480 Ignis
430 428 502 470 ubi
522 429 566 469 in
587 428 747 476 medio,
769 432 813 470 et
828 429 934 470 socii
956 432 1125 471 cratera
1146 432 1386 475 coronant,

295 501 372 549 Te,
392 497 557 546 libans,
581 500 735 541 Lenaee
748 530 758 548 ,
777 502 929 546 vocat3
951 498 1209 551 pecorisque
1228 498 1445 550 magistris

296 569 463 611 velocis
476 568 609 620 jaculi
629 569 869 612 certamina
886 568 1014 623 ponit
1031 568 1077 609 in
1098 569 1219 611 ulmo
1236 584 1246 617 ;

296 639 574 691 corporaque
593 638 754 689 agresti
771 638 943 679 nudant
961 636 1165 691 praedura
1186 637 1403 690 palaestra.

296 710 421 749 Hanc
439 707 546 748 olim
565 708 735 749 veteres
748 707 885 748 vitam
901 707 1079 749 coluere
1095 706 1242 748 Sabini
1268 723 1279 747 ε

294 776 421 815 Hanc
441 777 604 817 Remus
625 778 669 817 et
689 772 850 822 fratem
873 775 934 817 sic
951 774 1074 817 fortis
1095 775 1268 816 Etruria
1289 774 1428 816 crevit
1448 791 1458 814 :

293 841 470 885 Scilicet
486 844 530 885 et
542 854 692 886 rerum
710 843 825 885 facta
837 845 902 885 est
918 842 1216 896 pulcherrima
1236 845 1390 888 Roma,

295 918 559 966 septemque
573 925 663 955 una
677 914 756 955 sibi
773 925 902 957 muro
920 913 1214 955 circumdedit
1230 924 1365 955 arces.

294 984 409 1025 Ante
425 983 557 1025 etiam
575 987 801 1037 sceptrum
821 982 974 1025 Dictaei
994 982 1135 1035 regis,
1155 985 1200 1024 et
1214 985 1317 1024 ante

295 1052 437 1107 Impia
451 1063 584 1106 quam
596 1052 715 1095 caesis
731 1064 837 1105 gens
854 1058 920 1095 est
934 1052 1112 1107 epulata
1121 1053 1327 1104 juvencis
1344 1084 1353 1100 ,

295 1127 464 1165 Aureus
480 1122 593 1166 hanc
608 1122 745 1163 vitam
759 1123 803 1163 in
824 1122 948 1165 terris
970 1124 1183 1164 Saturnus
1199 1121 1370 1174 agebat.

297 1190 496 1234 Necdum
511 1190 643 1233 etiam
665 1191 896 1234 audierant
915 1190 1060 1233 inflari
1082 1192 1283 1239 classica,
1305 1189 1496 1233 necdum

295 1261 527 1315 Impositos
547 1260 666 1302 duris
681 1261 894 1315 crepitare
912 1260 1147 1303 incudibus
1172 1271 1313 1302 enses.

348 1319 430 1371 Sed
450 1341 530 1371 nos
548 1331 814 1372 immensum
832 1331 984 1383 spatiis
1002 1328 1274 1372 confecimus
1291 1339 1442 1382 aequor
1461 1343 1472 1374 ς

295 1401 456 1452 Etjam
478 1402 649 1454 tempus
664 1411 826 1454 equum
843 1398 1056 1443 fumantia
1074 1400 1244 1443 solvere
1264 1399 1388 1443 colla.
