1917 2942
394 322 471 361 1400
916 321 1175 360 AENEIDOS
1622 325 1696 364 516

393 407 549 448 Omnia
571 407 675 447 sunt
694 406 833 447 oculis
852 423 861 447 :
882 416 1059 453 mensae,
1081 417 1186 459 quas
1206 405 1376 447 advena
1393 408 1551 460 primas

393 477 516 515 Tunc
532 474 653 522 adiit.
676 474 930 527 dextrasque
946 473 1075 516 datae.
1093 477 1303 517 Sulmone
1318 479 1488 518 creatos

389 546 589 593 Quatuor,
606 544 679 585 liic
690 546 900 596 juvenem
922 542 1125 587 totidem.
1149 555 1258 597 quos
1279 543 1393 588 educ
1408 548 1439 587 ·t
1453 546 1601 593 Ufens,

389 614 593 655 viventes
615 616 747 667 rapit,
773 612 946 654 inferias
966 624 1073 666 quos
1093 613 1290 656 immolet
1304 615 1486 664 umbris,

391 681 667 735 captivoque
689 681 784 735 rogi
804 680 1044 735 perfundat
1062 685 1275 735 sanguine
1294 681 1506 726 flammas.

443 750 552 793 Inde
567 755 694 803 Mago
711 752 867 804 procul
884 750 1101 794 infensam
1119 753 1410 796 contenderat
1423 753 1592 796 hastam
1613 772 1622 794 :

390 819 468 862 Ille
489 822 583 862 astu
605 820 746 867 subit,
769 830 818 861 ac
840 821 1128 863 tremebunda
1147 823 1401 875 supervolat
1417 824 1565 873 hasta;

394 892 449 931 Et
465 901 611 943 genua
628 890 901 943 amplectens
925 889 1083 933 effatur
1105 894 1200 934 talia
1219 894 1423 947 supplex:

394 976 408 995 «
430 963 515 1000 Per
530 961 695 1015 patrios
716 962 880 1009 Manes,
904 966 946 1002 et
964 972 1061 1014 spes
1079 963 1297 1014 surgentis
1318 961 1410 1011 iuli,

393 1033 452 1072 Te
471 1040 645 1082 precor,
672 1031 785 1071 hanc
805 1032 998 1072 animam
1020 1042 1167 1075 serves
1187 1035 1378 1086 natoque
1399 1035 1614 1088 patrique.

392 1103 470 1142 Est
486 1100 643 1142 domus
658 1101 768 1142 alta:
782 1102 930 1152 jacent
948 1100 1126 1153 penitus
1146 1100 1321 1142 defossa
1336 1102 1498 1144 talenta

394 1170 545 1211 Caelati
564 1171 734 1223 argenti
752 1187 761 1210 :
778 1174 879 1211 sunt
901 1171 995 1212 auri
1012 1170 1212 1222 pondera
1235 1170 1333 1212 faeti

393 1237 639 1294 infectique
663 1240 786 1280 mihi.
809 1243 907 1282 Non
927 1239 1001 1282 hic
1017 1240 1206 1281 victoria
1222 1239 1439 1281 Teucrum

399 1310 613 1358 Vertitur;
636 1313 710 1352 aut
730 1309 874 1350 anima
894 1320 982 1350 una
1004 1308 1126 1350 dabit
1144 1309 1401 1352 discrimina
1421 1312 1553 1351 tanta.
1573 1325 1588 1347 n

445 1380 639 1422 Dixerat.
660 1382 814 1420 AEneas
832 1382 986 1421 contra
1006 1378 1075 1419 eui
1094 1378 1195 1419 talia
1208 1376 1355 1421 reddit
1374 1394 1383 1417 ι

395 1464 410 1484 «ι
433 1449 617 1501 Argenti
637 1454 766 1501 atque
786 1450 876 1489 auri
896 1458 1113 1489 memoras
1131 1460 1227 1501 quas
1246 1448 1381 1489 multa
1400 1447 1576 1495 talenta,

396 1517 549 1557 Gnatis
569 1527 702 1569 parce
721 1516 817 1558 tuis.
835 1515 945 1558 Belli
969 1517 1234 1558 commercia
1254 1518 1427 1557 Turnus

390 1587 573 1628 Sustulit
591 1589 672 1628 ista
690 1587 824 1641 prior.
839 1590 930 1639 jam
950 1589 1043 1627 tum
1060 1586 1257 1629 Pallante
1275 1587 1489 1640 peremto.

355 1667 361 1673 ’
393 1660 490 1698 Hoc
509 1659 644 1710 patris
659 1655 861 1699 Anchisae
879 1660 1043 1700 Manes.
1065 1655 1152 1697 hoc
1167 1657 1298 1698 sentit
1314 1656 1448 1698 Iulus.
1466 1671 1484 1694 »

393 1726 462 1767 Sic
483 1725 609 1773 fatus,
631 1727 799 1779 galeam
818 1727 928 1768 laeva
948 1727 1082 1773 tenet,
1106 1729 1238 1778 atque
1258 1724 1413 1768 reflexa

391 1797 572 1839 cervice
592 1796 760 1837 orantis
778 1797 935 1850 capulo
956 1798 1085 1838 tenus
1104 1795 1295 1850 adplicat
1312 1805 1480 1841 ensem,

392 1867 480 1906 Nec
499 1865 654 1917 procul
679 1865 971 1912 lizeinonides,
997 1864 1148 1906 Phoebi
1167 1865 1412 1916 Triviaeque
1428 1864 1643 1909 sacerdos,

391 1933 537 1975 Insula
554 1937 624 1976 cui
641 1946 763 1977 sacra
784 1936 1020 1976 redimibat
1040 1937 1235 1986 tempora
1257 1933 1383 1979 vitta,

393 2007 525 2046 Totus
546 2005 770 2047 collucens
785 2009 907 2048 veste
920 2008 1051 2056 atque
1068 2004 1311 2057 insignibus
1327 2004 1459 2046 arinis
1480 2021 1489 2043 ;

396 2075 538 2123 Quem
554 2085 815 2127 congressus
836 2075 925 2127 agit
944 2084 1117 2127 campo,
1138 2073 1394 2128 lapsumque
1409 2076 1659 2126 superstans

393 2144 612 2189 Immolat,
632 2144 892 2197 ingentique
912 2142 1068 2184 umbra
1090 2143 1213 2193 tegm
1232 2153 1354 2184 arma
1370 2145 1568 2184 Serestus

390 2215 520 2254 Lecta
537 2211 674 2256 refert
694 2213 900 2259 humeris,
923 2212 1016 2255 tibi.
1035 2222 1109 2253 rex
1132 2212 1337 2259 Gradive,
1361 2215 1595 2267 tropaeuin.

391 2283 647 2326 Instaurant
663 2283 775 2324 acies
798 2282 983 2324 Vulcani
1004 2282 1140 2336 stirpe
1158 2285 1331 2325 creatus

395 2351 590 2393 Caeculns
610 2353 653 2393 et
671 2352 849 2394 veniens
869 2353 1116 2393 Marsorum
1137 2351 1362 2395 montibus
1382 2352 1564 2395 Umbro.

394 2416 664 2460 Dardanides
680 2422 835 2460 contra
855 2416 961 2459 furit
983 2435 993 2458 ε
1016 2419 1203 2461 Anxuris
1223 2430 1326 2462 ense
1340 2420 1564 2463 sinistram
