1917 2942
356 318 399 355 52
412 315 433 351 lb
822 315 1177 353 CATALECTA.

513 399 689 441 Prensis
710 398 870 441 videbo
892 398 1102 441 altaribus
1120 417 1130 444 ;

404 469 589 510 Flavum
608 478 744 521 prope
758 467 969 519 Thybrim
991 472 1036 509 et
1052 467 1221 509 olentes
1241 469 1465 511 nauticum

485 541 655 579 Vocare
677 554 687 577 :
707 537 783 578 ubi
800 536 994 590 adpulsae
1011 541 1127 578 rates

407 609 532 649 Stant
553 607 599 649 in
619 606 741 648 vadis
761 617 890 649 coeno
909 609 1097 649 retentae
1117 606 1318 651 sordido,

487 678 721 729 Macraque
746 674 967 717 luctantes
988 686 1115 727 aqua.

408 749 556 798 Neque
575 747 620 786 in
639 746 833 788 culinam
850 778 863 796 ,
885 748 929 787 et
943 747 1079 787 uncta
1094 747 1349 799 compitalia
1368 778 1377 794 ‚

489 819 717 869 Dapesque
738 816 871 858 duces
892 814 1121 857 sordidas:

410 884 580 936 Quibus
596 884 791 937 repletus
809 888 860 925 ut
875 884 1074 926 salivosis
1096 884 1217 935 aquis
1237 915 1246 930 ,

489 953 678 995 obesam
698 953 753 995 ad
774 965 955 996 uxorem
972 953 1109 999 redis,

409 1025 464 1063 Et
482 1026 717 1067 aestuantes
736 1024 867 1067 docte
884 1025 1016 1066 solvis
1035 1024 1235 1077 pantices
1255 1057 1264 1072 ‚

487 1095 545 1135 Os
563 1105 701 1146 usque
719 1093 874 1135 lambis
896 1094 1043 1134 saviis.

411 1165 542 1205 Nune
558 1163 670 1205 laede
685 1195 696 1215 ‚
719 1175 839 1205 nunc
853 1164 1043 1212 lacesse,
1066 1164 1100 1205 si
1123 1163 1362 1217 quidquam
1381 1164 1499 1205 vales
1520 1167 1528 1203 ἔ

491 1237 549 1275 Et
565 1245 736 1275 nornen
757 1233 958 1275 adscribo
975 1237 1118 1274 tuum.

407 1303 588 1346 Cinaede
611 1303 717 1345 Luci
737 1335 747 1349 .
777 1315 832 1344 an
855 1308 896 1345 te
917 1304 1196 1357 reliquerunt
1214 1314 1319 1356 opes
1337 1305 1355 1344 Ρ

488 1375 707 1425 Fameque
726 1372 910 1425 genuini
928 1378 1110 1427 crepant
1123 1373 1142 1412 ἱ)

411 1441 586 1483 Videbo
603 1441 841 1483 habentem
863 1445 1026 1492 praeter
1041 1442 1222 1493 ignavos
1240 1441 1353 1483 nihil

489 1513 663 1553 Fratres
679 1513 723 1553 et
742 1511 906 1552 iratum
924 1513 1108 1559 Jovem,

410 1581 691 1634 scissumque
711 1584 937 1627 ventrem,
957 1582 1000 1621 et
1018 1579 1212 1623 herniosi
1238 1582 1379 1636 patrui

493 1650 633 1693 Pedes
650 1649 797 1692 inedia
817 1649 1028 1702 turgidos.

976 1800 1065 1844 VI.

815 1923 893 1962 AD
929 1922 1215 1961 VENEREM.

357 2070 402 2110 Si
425 2068 532 2109 mihi
549 2071 800 2121 susceptum
822 2067 956 2110 fuerit
973 2067 1209 2110 decurrere
1228 2076 1409 2113 munus,

413 2142 447 2180 Ο
474 2139 683 2194 Paphon,
706 2150 732 2181 o
748 2140 874 2182 sedes
897 2150 994 2193 quae
1013 2139 1118 2181 eolis
1139 2139 1319 2187 Idalias,

356 2213 513 2252 Troius
531 2213 685 2252 AEneas
703 2212 904 2251 Romana
924 2221 1003 2262 per
1022 2208 1184 2263 oppida
1207 2208 1342 2261 digno

414 2283 514 2321 Jam
536 2279 718 2322 tandem
737 2282 786 2321 ut
807 2281 954 2322 tecum
974 2279 1171 2321 carmine
1194 2281 1343 2321 vectus
1363 2280 1434 2321 eat
1454 2293 1463 2317 :

359 2354 458 2393 Non
478 2361 558 2403 ego
576 2352 673 2392 ture
689 2349 847 2396 modO,
868 2354 942 2391 aut
959 2350 1077 2401 picta
1098 2351 1172 2390 tua
1194 2348 1358 2402 templa
1373 2347 1530 2389 tabella

418 2421 627 2466 ornabo.
653 2422 697 2463 et
715 2420 835 2475 puris
856 2425 970 2463 serta
993 2419 1128 2461 seram
1152 2418 1349 2461 manibus
1374 2436 1381 2457 :
