1917 2942
354 301 407 340 76
843 300 1173 340 GEORGICON
1618 304 1665 342 ⁴8

356 391 411 428 Ut
431 388 589 431 cerasis
613 388 854 441 ulmisqne3
874 389 1007 429 etiam
1030 388 1262 429 Parnassia
1279 388 1428 430 laurus

354 460 494 499 Parva
512 456 592 498 sub
618 457 787 509 ingenti
804 457 958 498 matris
978 468 1024 498 se
1043 456 1217 507 subjicit
1233 457 1403 498 umbra.

352 534 444 573 Hos
465 533 632 572 Natura
648 529 802 572 modos
821 530 1016 584 primum
1032 529 1177 577 dedit3
1195 529 1261 571 his
1282 541 1419 582 genus
1438 542 1571 575 omne

350 602 568 643 Silvarum
597 599 922 652 fructicumque
940 601 1056 641 viret
1075 610 1399 653 nemorumque
1421 612 1666 643 sacrorum.

403 673 516 712 Sunt
535 671 631 718 alii,
654 681 763 723 quos
782 671 873 724 ipse
890 671 961 712 via
982 670 1064 712 sibi
1083 670 1281 725 repperit
1300 682 1419 712 usus.

351 740 433 781 llic
455 740 628 792 plantas
647 742 803 781 tenero
825 737 1089 781 abscindens
1107 737 1161 781 de
1181 749 1368 792 corpore
1392 741 1584 781 matrum

350 808 709 863 Deposuitsulcis
728 824 739 848 ι
758 808 832 850 hic
850 809 1009 860 stirpes
1026 808 1174 850 obruit
1191 819 1296 851 arvo
1308 839 1317 856 ‚

346 878 717 935 Quadrifidasque
735 878 866 920 sudes
881 908 891 925 ‚
915 880 959 920 et
979 882 1110 919 acuto
1126 878 1289 920 robore
1302 878 1440 921 vallos
1458 894 1468 917 ι

346 948 654 1000 Silvarumque
674 948 770 988 aliae
786 957 959 999 pressos
980 947 1232 1000 propaginis
1250 959 1377 989 arcus

350 1020 614 1071 Exspectant
632 1049 641 1066 ‚
662 1020 706 1058 et
725 1017 825 1058 viva
839 1027 919 1057 sua
937 1016 1154 1069 plantaria
1175 1021 1289 1059 terra
1310 1033 1320 1057 ε

350 1088 423 1129 Nil
440 1086 599 1129 radicis
622 1087 754 1139 egent
773 1086 891 1134 aliae3
913 1096 1222 1138 summumque
1239 1088 1418 1141 putator

351 1158 479 1199 Haud
498 1156 669 1198 dubitat
689 1158 815 1197 terrae
832 1153 1028 1197 referens
1045 1155 1253 1197 mandare
1271 1166 1498 1197 cacumen.

346 1229 462 1278 Quin
481 1231 525 1270 et
539 1225 796 1268 caudicibus
811 1225 939 1267 sectis
967 1225 1196 1276 (mirabile
1216 1224 1334 1266 dictu
1356 1227 1365 1265 Ξ
1388 1229 1401 1277 )

344 1296 557 1339 Truditur
575 1307 598 1337 e
619 1295 738 1338 sicco
756 1293 881 1336 radix
895 1294 1099 1347 oleagina
1113 1294 1255 1346 ligno.

344 1370 400 1408 Et
411 1377 468 1409 ste
474 1376 527 1421 pe
548 1365 726 1406 alterius
741 1374 890 1405 ramos
908 1365 1093 1417 impune
1106 1363 1308 1407 videmus

347 1437 530 1478 Vertere
547 1434 596 1474 in
614 1433 815 1481 alterius3
837 1436 1140 1486 mutatamque
1154 1433 1286 1475 insita
1302 1434 1418 1476 mala

345 1509 479 1549 Ferre
494 1507 641 1560 pirum
659 1535 668 1552 ,
692 1506 736 1545 et
756 1504 910 1558 prunis
927 1502 1125 1555 lapidosa
1144 1503 1377 1545 rubescere
1397 1513 1549 1545 corna.

399 1580 544 1627 Quare
560 1574 675 1628 agite
693 1603 703 1622 ‚
724 1584 750 1614 ο
769 1604 778 1621 ,
800 1575 1003 1628 proprios
1021 1574 1265 1626 generatim
1285 1571 1440 1616 discite
1460 1573 1603 1614 cultus
1621 1603 1632 1623 ,

347 1646 565 1699 Agricola—3²
582 1677 591 1693 ‚
615 1642 869 1698 fructusque
889 1641 1006 1685 feros
1022 1643 1189 1685 mollite
1206 1642 1419 1692 col‹·ndo;

345 1719 440 1759 Neu
456 1726 611 1769 segnes
621 1716 801 1767 jaceant
818 1716 962 1755 terrae.
985 1714 1117 1754 Juvat
1130 1715 1297 1754 Ismara
1317 1713 1489 1755 Baccho

345 1790 610 1834 conserere,
634 1787 765 1837 atque
788 1784 885 1826 olea
907 1794 1121 1836 magnum
1137 1784 1299 1826 vestire
1318 1784 1593 1825 Taburnum.

342 1861 498 1910 Tuque
518 1855 619 1898 ades
636 1888 644 1904 ‚
661 1856 981 1909 inceptumque
996 1864 1086 1895 una
1101 1853 1287 1896 decurre
1304 1852 1498 1896 laborem
1516 1884 1525 1900 ,

343 1931 379 1969 Ο
402 1928 556 1973 decus,
589 1938 616 1968 o
636 1925 762 1967 famae
782 1926 941 1967 merito
956 1934 1057 1979 pars
1078 1924 1269 1965 maxima
1287 1928 1474 1971 nostrae,

344 2000 560 2040 Maecenas
575 2029 585 2049 ‚
605 1995 850 2050 pelagoque
868 1994 1025 2037 volans
1043 1992 1097 2035 da
1115 1993 1214 2036 vela
1231 1992 1411 2046 patenti.

345 2068 382 2107 N
388 2077 445 2108 on
462 2077 545 2118 ego
563 2068 723 2109 cuncta
741 2066 850 2106 m‹·is
869 2063 1074 2117 amplecti
1092 2062 1289 2105 versibus
1309 2065 1438 2116 opto;

345 2141 381 2180 N
387 2149 446 2180 on
461 2169 471 2188 ,
492 2134 601 2176 mihi
618 2135 656 2177 si
672 2134 832 2188 linguae
853 2136 1034 2176 centum
1049 2133 1164 2184 sint,
1186 2143 1352 2184 oraque
1371 2136 1574 2179 centum,

345 2209 507 2248 Ferrea
525 2214 635 2247 vox:
653 2204 755 2246 ades
773 2236 782 2248 .
802 2207 846 2245 et
860 2203 992 2257 primi
1012 2202 1109 2254 lege
1126 2202 1267 2243 litoris
1284 2212 1406 2244 oram
1424 2221 1434 2249 ς

344 2280 397 2317 In
417 2275 620 2317 manibus
640 2279 767 2316 terrae
785 2290 794 2314 ι
820 2284 910 2315 non
932 2272 1007 2315 hic
1028 2276 1069 2313 te
1085 2272 1280 2314 carmine
1300 2270 1425 2315 ficto.

345 2349 490 2399 Atque
506 2357 584 2400 per
598 2345 802 2398 ambages
819 2348 860 2386 et
882 2345 1015 2396 longa
1034 2353 1206 2388 exorsa,
1229 2342 1406 2383 tenebo.

396 2420 562 2471 Sponte
590 2427 667 2459 sua
697 2426 792 2468 quae
812 2426 856 2458 se
881 2414 1102 2456 tolluutin
1128 2413 1304 2454 luminis
1320 2424 1442 2459 oras,
