<?xml version="1.0" encoding="UTF-8"?>
<!DOCTYPE html PUBLIC "-//W3C//DTD XHTML 1.0 Transitional//EN"
    "http://www.w3.org/TR/xhtml1/DTD/xhtml1-transitional.dtd">
<html xmlns="http://www.w3.org/1999/xhtml" xml:lang="en" lang="en">
 <head>
  <title>
</title>
<meta http-equiv="Content-Type" content="text/html;charset=utf-8" />
  <meta name='ocr-system' content='tesseract 3.04.00' />
  <meta name='ocr-capabilities' content='ocr_page ocr_carea ocr_par ocr_line ocrx_word'/>
</head>
<body>
  <div class='ocr_page' id='page_1' title='image "./publiivirgiliim01unkngoog/publiivirgiliim01unkngoog_0222.png"; bbox 0 0 1917 2942; ppageno 0'>
   <div class='ocr_carea' id='block_1_1' title="bbox 301 336 1620 385">
    <p class='ocr_par' dir='ltr' id='par_1_1' title="bbox 301 336 1620 385">
     <span class='ocr_line' id='line_1_1' title="bbox 301 336 1620 385; baseline 0.001 -9"><span class='ocrx_word' id='word_1_1' title='bbox 301 339 378 377; x_wconf 71' lang='lat'><strong>2⁴3</strong></span> <span class='ocrx_word' id='word_1_2' title='bbox 848 336 1096 377; x_wconf 66' lang='lat' dir='ltr'><strong>ffiNssmos</strong></span> <span class='ocrx_word' id='word_1_3' title='bbox 1572 339 1620 385; x_wconf 60' lang='grc'><strong>7-4,</strong></span> 
     </span>
    </p>
   </div>
   <div class='ocr_carea' id='block_1_2' title="bbox 304 420 1642 2488">
    <p class='ocr_par' dir='ltr' id='par_1_2' title="bbox 306 420 1200 465">
     <span class='ocr_line' id='line_1_2' title="bbox 306 420 1200 465; baseline -0.001 -3"><span class='ocrx_word' id='word_1_4' title='bbox 306 424 496 463; x_wconf 59' lang='lat' dir='ltr'><strong>Dictaeos</strong></span> <span class='ocrx_word' id='word_1_5' title='bbox 520 437 528 459; x_wconf 91' lang='lat'><strong>:</strong></span> <span class='ocrx_word' id='word_1_6' title='bbox 554 422 690 463; x_wconf 70' lang='lat' dir='ltr'><strong>lueret</strong></span> <span class='ocrx_word' id='word_1_7' title='bbox 706 420 834 464; x_wconf 84' lang='lat' dir='ltr'><strong>lateri</strong></span> <span class='ocrx_word' id='word_1_8' title='bbox 856 421 1001 465; x_wconf 77' lang='lat' dir='ltr'><strong>letalis</strong></span> <span class='ocrx_word' id='word_1_9' title='bbox 1016 420 1200 462; x_wconf 86' lang='lat' dir='ltr'><strong>arundo.</strong></span> 
     </span>
    </p>

    <p class='ocr_par' dir='ltr' id='par_1_3' title="bbox 304 490 1463 684">
     <span class='ocr_line' id='line_1_3' title="bbox 361 490 1446 543; baseline 0 -12"><span class='ocrx_word' id='word_1_10' title='bbox 361 493 491 532; x_wconf 85' lang='lat' dir='ltr'><strong>Nunc</strong></span> <span class='ocrx_word' id='word_1_11' title='bbox 505 490 651 533; x_wconf 87' lang='lat' dir='ltr'><strong>media</strong></span> <span class='ocrx_word' id='word_1_12' title='bbox 667 494 833 533; x_wconf 86' lang='lat' dir='ltr'><strong>AEnean</strong></span> <span class='ocrx_word' id='word_1_13' title='bbox 853 501 1006 533; x_wconf 86' lang='lat' dir='ltr'><strong>secum</strong></span> <span class='ocrx_word' id='word_1_14' title='bbox 1020 502 1101 543; x_wconf 80' lang='lat' dir='ltr'><strong>per</strong></span> <span class='ocrx_word' id='word_1_15' title='bbox 1118 492 1281 534; x_wconf 75' lang='lat' dir='ltr'><strong>mcenia</strong></span> <span class='ocrx_word' id='word_1_16' title='bbox 1299 491 1446 537; x_wconf 81' lang='lat' dir='ltr'><strong>ducit,</strong></span> 
     </span>
     <span class='ocr_line' id='line_1_4' title="bbox 304 560 1463 614; baseline 0.001 -14"><span class='ocrx_word' id='word_1_17' title='bbox 304 560 595 613; x_wconf 80' lang='lat' dir='ltr'>Sidoniasque</span> <span class='ocrx_word' id='word_1_18' title='bbox 616 562 809 602; x_wconf 77' lang='lat' dir='ltr'><strong>ostentat</strong></span> <span class='ocrx_word' id='word_1_19' title='bbox 826 572 955 614; x_wconf 84' lang='lat' dir='ltr'><strong>opes,</strong></span> <span class='ocrx_word' id='word_1_20' title='bbox 976 560 1221 614; x_wconf 78' lang='lat' dir='ltr'>urbemque</span> <span class='ocrx_word' id='word_1_21' title='bbox 1241 565 1463 613; x_wconf 66' lang='lat' dir='ltr'><strong>parataim</strong></span> 
     </span>
     <span class='ocr_line' id='line_1_5' title="bbox 304 629 1277 684; baseline 0.001 -14"><span class='ocrx_word' id='word_1_22' title='bbox 304 630 468 683; x_wconf 83' lang='lat' dir='ltr'><strong>Incipit</strong></span> <span class='ocrx_word' id='word_1_23' title='bbox 485 629 636 678; x_wconf 75' lang='lat' dir='ltr'><strong>effari,</strong></span> <span class='ocrx_word' id='word_1_24' title='bbox 657 629 889 684; x_wconf 88' lang='lat' dir='ltr'><strong>mediaque</strong></span> <span class='ocrx_word' id='word_1_25' title='bbox 907 632 953 671; x_wconf 88' lang='lat' dir='ltr'><strong>in</strong></span> <span class='ocrx_word' id='word_1_26' title='bbox 973 641 1082 673; x_wconf 89' lang='lat' dir='ltr'><strong>voce</strong></span> <span class='ocrx_word' id='word_1_27' title='bbox 1098 631 1277 673; x_wconf 79' lang='lat' dir='ltr'><strong>resistit.</strong></span> 
     </span>
    </p>

    <p class='ocr_par' dir='ltr' id='par_1_4' title="bbox 304 699 1570 1307">
     <span class='ocr_line' id='line_1_6' title="bbox 305 699 1358 754; baseline 0.002 -14"><span class='ocrx_word' id='word_1_28' title='bbox 305 701 343 740; x_wconf 88' lang='lat' dir='ltr'>N</span> <span class='ocrx_word' id='word_1_29' title='bbox 350 711 437 752; x_wconf 84' lang='lat' dir='ltr'><strong>une</strong></span> <span class='ocrx_word' id='word_1_30' title='bbox 453 700 622 747; x_wconf 87' lang='lat' dir='ltr'><strong>eadem,</strong></span> <span class='ocrx_word' id='word_1_31' title='bbox 646 699 822 743; x_wconf 88' lang='lat' dir='ltr'><strong>labente</strong></span> <span class='ocrx_word' id='word_1_32' title='bbox 838 700 923 747; x_wconf 88' lang='lat' dir='ltr'><strong>die,</strong></span> <span class='ocrx_word' id='word_1_33' title='bbox 945 701 1153 743; x_wconf 83' lang='lat' dir='ltr'><strong>convivia</strong></span> <span class='ocrx_word' id='word_1_34' title='bbox 1173 702 1331 754; x_wconf 62' lang='lat' dir='ltr'><strong>quaerit</strong></span> <span class='ocrx_word' id='word_1_35' title='bbox 1349 733 1358 748; x_wconf 82' lang='lat'><em>.</em></span> 
     </span>
     <span class='ocr_line' id='line_1_7' title="bbox 316 769 1321 822; baseline 0.002 -13"><span class='ocrx_word' id='word_1_36' title='bbox 316 769 566 822; x_wconf 81' lang='lat' dir='ltr'><strong>Iliacosque</strong></span> <span class='ocrx_word' id='word_1_37' title='bbox 588 770 750 810; x_wconf 79' lang='lat' dir='ltr'><strong>iterum</strong></span> <span class='ocrx_word' id='word_1_38' title='bbox 770 769 952 811; x_wconf 82' lang='lat' dir='ltr'><strong>demens</strong></span> <span class='ocrx_word' id='word_1_39' title='bbox 970 769 1126 812; x_wconf 85' lang='lat' dir='ltr'><strong>audire</strong></span> <span class='ocrx_word' id='word_1_40' title='bbox 1147 770 1321 813; x_wconf 84' lang='lat' dir='ltr'><strong>labores</strong></span> 
     </span>
     <span class='ocr_line' id='line_1_8' title="bbox 307 837 1414 891; baseline 0.002 -13"><span class='ocrx_word' id='word_1_41' title='bbox 307 840 531 891; x_wconf 78' lang='lat' dir='ltr'><strong>Exposeit.</strong></span> <span class='ocrx_word' id='word_1_42' title='bbox 554 837 808 891; x_wconf 79' lang='lat' dir='ltr'><strong>pendetque</strong></span> <span class='ocrx_word' id='word_1_43' title='bbox 823 839 985 882; x_wconf 83' lang='lat' dir='ltr'><strong>iterum</strong></span> <span class='ocrx_word' id='word_1_44' title='bbox 1006 841 1228 881; x_wconf 73' lang='lat' dir='ltr'><strong>narrantis</strong></span> <span class='ocrx_word' id='word_1_45' title='bbox 1248 841 1302 882; x_wconf 91' lang='lat' dir='ltr'><strong>ab</strong></span> <span class='ocrx_word' id='word_1_46' title='bbox 1324 850 1414 882; x_wconf 89' lang='lat' dir='ltr'><strong>ore.</strong></span> 
     </span>
     <span class='ocr_line' id='line_1_9' title="bbox 304 902 1417 962; baseline 0.003 -15"><span class='ocrx_word' id='word_1_47' title='bbox 304 909 433 953; x_wconf 80' lang='lat' dir='ltr'><strong>Post.</strong></span> <span class='ocrx_word' id='word_1_48' title='bbox 456 908 530 949; x_wconf 87' lang='lat' dir='ltr'><strong>ubi</strong></span> <span class='ocrx_word' id='word_1_49' title='bbox 551 902 747 960; x_wconf 83' lang='lat' dir='ltr'><strong>digressi,</strong></span> <span class='ocrx_word' id='word_1_50' title='bbox 763 908 1007 962; x_wconf 78' lang='lat' dir='ltr'><strong>lumenque</strong></span> <span class='ocrx_word' id='word_1_51' title='bbox 1024 909 1209 950; x_wconf 82' lang='lat' dir='ltr'><strong>obscura</strong></span> <span class='ocrx_word' id='word_1_52' title='bbox 1227 909 1417 951; x_wconf 83' lang='lat' dir='ltr'><strong>vicissim</strong></span> 
     </span>
     <span class='ocr_line' id='line_1_10' title="bbox 307 974 1525 1031; baseline 0.002 -13"><span class='ocrx_word' id='word_1_53' title='bbox 307 980 432 1018; x_wconf 86' lang='lat' dir='ltr'><strong>Luna</strong></span> <span class='ocrx_word' id='word_1_54' title='bbox 452 977 627 1031; x_wconf 81' lang='lat' dir='ltr'><strong>premit,</strong></span> <span class='ocrx_word' id='word_1_55' title='bbox 649 976 925 1029; x_wconf 84' lang='lat' dir='ltr'><strong>suadentque</strong></span> <span class='ocrx_word' id='word_1_56' title='bbox 941 974 1147 1019; x_wconf 74' lang='lat' dir='ltr'><strong>&#39;cadentia</strong></span> <span class='ocrx_word' id='word_1_57' title='bbox 1166 977 1308 1020; x_wconf 82' lang='lat' dir='ltr'><strong>sidera</strong></span> <span class='ocrx_word' id='word_1_58' title='bbox 1324 988 1525 1028; x_wconf 85' lang='lat' dir='ltr'><strong>somnos;</strong></span> 
     </span>
     <span class='ocr_line' id='line_1_11' title="bbox 306 1045 1350 1099; baseline 0.003 -12"><span class='ocrx_word' id='word_1_59' title='bbox 306 1046 403 1087; x_wconf 79' lang='lat' dir='ltr'><strong>Sola</strong></span> <span class='ocrx_word' id='word_1_60' title='bbox 421 1045 555 1088; x_wconf 83' lang='lat' dir='ltr'><strong>domo</strong></span> <span class='ocrx_word' id='word_1_61' title='bbox 571 1048 728 1087; x_wconf 82' lang='lat' dir='ltr'><strong>maeret</strong></span> <span class='ocrx_word' id='word_1_62' title='bbox 745 1057 885 1088; x_wconf 83' lang='lat' dir='ltr'><strong>vacua</strong></span> <span class='ocrx_word' id='word_1_63' title='bbox 904 1078 912 1092; x_wconf 90' lang='lat'>‚</span> <span class='ocrx_word' id='word_1_64' title='bbox 934 1046 1169 1099; x_wconf 85' lang='lat' dir='ltr'><strong>stratisque</strong></span> <span class='ocrx_word' id='word_1_65' title='bbox 1184 1047 1350 1090; x_wconf 86' lang='lat' dir='ltr'><strong>relictis</strong></span> 
     </span>
     <span class='ocr_line' id='line_1_12' title="bbox 308 1115 1570 1171; baseline 0.006 -17"><span class='ocrx_word' id='word_1_66' title='bbox 308 1115 511 1159; x_wconf 79' lang='lat' dir='ltr'><strong>lucubat.</strong></span> <span class='ocrx_word' id='word_1_67' title='bbox 534 1115 668 1156; x_wconf 84' lang='lat' dir='ltr'><strong>Illum</strong></span> <span class='ocrx_word' id='word_1_68' title='bbox 689 1115 843 1157; x_wconf 81' lang='lat' dir='ltr'><strong>absens</strong></span> <span class='ocrx_word' id='word_1_69' title='bbox 861 1116 1089 1158; x_wconf 84' lang='lat' dir='ltr'><strong>absentem</strong></span> <span class='ocrx_word' id='word_1_70' title='bbox 1109 1116 1319 1170; x_wconf 80' lang='lat' dir='ltr'><strong>auditque</strong></span> <span class='ocrx_word' id='word_1_71' title='bbox 1333 1117 1542 1171; x_wconf 80' lang='lat' dir='ltr'><strong>videtque</strong></span> <span class='ocrx_word' id='word_1_72' title='bbox 1562 1151 1570 1165; x_wconf 88' lang='lat'><strong><em>,</em></strong></span> 
     </span>
     <span class='ocr_line' id='line_1_13' title="bbox 309 1184 1491 1242; baseline 0.005 -19"><span class='ocrx_word' id='word_1_73' title='bbox 309 1185 399 1225; x_wconf 83' lang='lat' dir='ltr'><strong>Aut</strong></span> <span class='ocrx_word' id='word_1_74' title='bbox 419 1184 590 1236; x_wconf 83' lang='lat' dir='ltr'><strong>gremio</strong></span> <span class='ocrx_word' id='word_1_75' title='bbox 612 1186 853 1227; x_wconf 81' lang='lat' dir='ltr'><strong>Ascanium</strong></span> <span class='ocrx_word' id='word_1_76' title='bbox 869 1216 879 1236; x_wconf 87' lang='lat'>‚</span> <span class='ocrx_word' id='word_1_77' title='bbox 900 1185 1114 1237; x_wconf 79' lang='lat' dir='ltr'><strong>genitoris</strong></span> <span class='ocrx_word' id='word_1_78' title='bbox 1130 1186 1323 1240; x_wconf 77' lang='lat' dir='ltr'><strong>imagine</strong></span> <span class='ocrx_word' id='word_1_79' title='bbox 1339 1190 1491 1242; x_wconf 81' lang='lat' dir='ltr'><strong>capta,</strong></span> 
     </span>
     <span class='ocr_line' id='line_1_14' title="bbox 318 1251 1389 1307; baseline 0.004 -16"><span class='ocrx_word' id='word_1_80' title='bbox 318 1253 517 1305; x_wconf 81' lang='lat' dir='ltr'><strong>Detinet,</strong></span> <span class='ocrx_word' id='word_1_81' title='bbox 531 1251 768 1294; x_wconf 81' lang='lat' dir='ltr'><strong>infandum</strong></span> <span class='ocrx_word' id='word_1_82' title='bbox 787 1255 822 1295; x_wconf 88' lang='lat' dir='ltr'><strong>si</strong></span> <span class='ocrx_word' id='word_1_83' title='bbox 841 1252 996 1296; x_wconf 80' lang='lat' dir='ltr'><strong>fallere</strong></span> <span class='ocrx_word' id='word_1_84' title='bbox 1012 1254 1149 1307; x_wconf 82' lang='lat' dir='ltr'><strong>possit</strong></span> <span class='ocrx_word' id='word_1_85' title='bbox 1168 1265 1362 1297; x_wconf 87' lang='lat' dir='ltr'><strong>amorem</strong></span> <span class='ocrx_word' id='word_1_86' title='bbox 1380 1258 1389 1295; x_wconf 74' lang='lat'>3</span> 
     </span>
    </p>

    <p class='ocr_par' dir='ltr' id='par_1_5' title="bbox 312 1322 1523 1450">
     <span class='ocr_line' id='line_1_15' title="bbox 312 1322 1523 1377; baseline 0.004 -14"><span class='ocrx_word' id='word_1_87' title='bbox 312 1325 348 1363; x_wconf 82' lang='lat' dir='ltr'>N</span> <span class='ocrx_word' id='word_1_88' title='bbox 355 1333 414 1364; x_wconf 88' lang='lat' dir='ltr'><strong>ou</strong></span> <span class='ocrx_word' id='word_1_89' title='bbox 433 1325 591 1377; x_wconf 81' lang='lat' dir='ltr'><strong>coeptae</strong></span> <span class='ocrx_word' id='word_1_90' title='bbox 612 1322 860 1375; x_wconf 80' lang='lat' dir='ltr'><strong>adsurgunt</strong></span> <span class='ocrx_word' id='word_1_91' title='bbox 879 1328 1046 1371; x_wconf 81' lang='lat' dir='ltr'><strong>turres3</strong></span> <span class='ocrx_word' id='word_1_92' title='bbox 1065 1335 1156 1365; x_wconf 90' lang='lat' dir='ltr'><strong>non</strong></span> <span class='ocrx_word' id='word_1_93' title='bbox 1175 1336 1298 1366; x_wconf 82' lang='lat' dir='ltr'><strong>arma</strong></span> <span class='ocrx_word' id='word_1_94' title='bbox 1309 1327 1523 1377; x_wconf 81' lang='lat' dir='ltr'><strong>juventus</strong></span> 
     </span>
     <span class='ocr_line' id='line_1_16' title="bbox 314 1394 1352 1450; baseline 0.004 -17"><span class='ocrx_word' id='word_1_95' title='bbox 314 1394 524 1441; x_wconf 82' lang='lat' dir='ltr'><strong>Exercet,</strong></span> <span class='ocrx_word' id='word_1_96' title='bbox 542 1395 759 1447; x_wconf 83' lang='lat' dir='ltr'><strong>portusve</strong></span> <span class='ocrx_word' id='word_1_97' title='bbox 780 1397 858 1435; x_wconf 81' lang='lat' dir='ltr'><strong>aut</strong></span> <span class='ocrx_word' id='word_1_98' title='bbox 876 1395 1213 1450; x_wconf 77' lang='lat' dir='ltr'><strong>propugnacula</strong></span> <span class='ocrx_word' id='word_1_99' title='bbox 1234 1396 1352 1437; x_wconf 82' lang='lat' dir='ltr'><strong>bello</strong></span> 
     </span>
    </p>

    <p class='ocr_par' dir='ltr' id='par_1_6' title="bbox 311 1461 1539 1585">
     <span class='ocr_line' id='line_1_17' title="bbox 311 1461 1539 1518; baseline 0.005 -16"><span class='ocrx_word' id='word_1_100' title='bbox 311 1465 424 1503; x_wconf 78' lang='lat' dir='ltr'><strong>Tuta</strong></span> <span class='ocrx_word' id='word_1_101' title='bbox 443 1465 628 1516; x_wconf 85' lang='lat' dir='ltr'><strong>parant:</strong></span> <span class='ocrx_word' id='word_1_102' title='bbox 650 1461 852 1515; x_wconf 79' lang='lat' dir='ltr'><strong>pendent</strong></span> <span class='ocrx_word' id='word_1_103' title='bbox 867 1475 1003 1517; x_wconf 86' lang='lat' dir='ltr'><strong>opera</strong></span> <span class='ocrx_word' id='word_1_104' title='bbox 1020 1465 1269 1518; x_wconf 81' lang='lat' dir='ltr'><strong>interrupta</strong></span> <span class='ocrx_word' id='word_1_105' title='bbox 1288 1496 1297 1512; x_wconf 86' lang='lat'>,</span> <span class='ocrx_word' id='word_1_106' title='bbox 1322 1464 1539 1517; x_wconf 65' lang='lat' dir='ltr'><strong>minaeque</strong></span> 
     </span>
     <span class='ocr_line' id='line_1_18' title="bbox 314 1532 1443 1585; baseline 0 -12"><span class='ocrx_word' id='word_1_107' title='bbox 314 1535 546 1577; x_wconf 86' lang='lat' dir='ltr'><strong>Murorum</strong></span> <span class='ocrx_word' id='word_1_108' title='bbox 568 1532 790 1584; x_wconf 80' lang='lat' dir='ltr'><strong>ingentes,</strong></span> <span class='ocrx_word' id='word_1_109' title='bbox 810 1536 1070 1585; x_wconf 69' lang='lat' dir='ltr'><strong>aequataque</strong></span> <span class='ocrx_word' id='word_1_110' title='bbox 1089 1532 1295 1575; x_wconf 85' lang='lat' dir='ltr'><strong>machina</strong></span> <span class='ocrx_word' id='word_1_111' title='bbox 1316 1533 1443 1575; x_wconf 81' lang='lat' dir='ltr'><strong>eoelo.</strong></span> 
     </span>
    </p>

    <p class='ocr_par' dir='ltr' id='par_1_7' title="bbox 314 1601 1636 1989">
     <span class='ocr_line' id='line_1_19' title="bbox 369 1601 1350 1656; baseline 0.001 -14"><span class='ocrx_word' id='word_1_112' title='bbox 369 1605 511 1651; x_wconf 84' lang='lat' dir='ltr'><strong>Quam</strong></span> <span class='ocrx_word' id='word_1_113' title='bbox 525 1601 659 1643; x_wconf 87' lang='lat' dir='ltr'><strong>simul</strong></span> <span class='ocrx_word' id='word_1_114' title='bbox 676 1612 726 1644; x_wconf 90' lang='lat' dir='ltr'><strong>ae</strong></span> <span class='ocrx_word' id='word_1_115' title='bbox 744 1601 822 1642; x_wconf 87' lang='lat' dir='ltr'><strong>tali</strong></span> <span class='ocrx_word' id='word_1_116' title='bbox 838 1604 1057 1653; x_wconf 77' lang='lat' dir='ltr'><strong>persensit</strong></span> <span class='ocrx_word' id='word_1_117' title='bbox 1075 1604 1196 1656; x_wconf 83' lang='lat' dir='ltr'><strong>peste</strong></span> <span class='ocrx_word' id='word_1_118' title='bbox 1209 1604 1350 1645; x_wconf 85' lang='lat' dir='ltr'><strong>teneri</strong></span> 
     </span>
     <span class='ocr_line' id='line_1_20' title="bbox 314 1669 1423 1721; baseline 0.001 -10"><span class='ocrx_word' id='word_1_119' title='bbox 314 1674 427 1712; x_wconf 85' lang='lat' dir='ltr'><strong>Cara</strong></span> <span class='ocrx_word' id='word_1_120' title='bbox 442 1671 563 1712; x_wconf 84' lang='lat' dir='ltr'><strong>Jovis</strong></span> <span class='ocrx_word' id='word_1_121' title='bbox 582 1671 762 1721; x_wconf 83' lang='lat' dir='ltr'><strong>conjux,</strong></span> <span class='ocrx_word' id='word_1_122' title='bbox 782 1681 865 1712; x_wconf 89' lang='lat' dir='ltr'><strong>nee</strong></span> <span class='ocrx_word' id='word_1_123' title='bbox 887 1669 1048 1711; x_wconf 79' lang='lat' dir='ltr'><strong>famam</strong></span> <span class='ocrx_word' id='word_1_124' title='bbox 1070 1670 1243 1713; x_wconf 75' lang='lat' dir='ltr'><strong>obstare</strong></span> <span class='ocrx_word' id='word_1_125' title='bbox 1258 1671 1396 1712; x_wconf 81' lang='lat' dir='ltr'><strong>furori</strong></span> <span class='ocrx_word' id='word_1_126' title='bbox 1414 1688 1423 1719; x_wconf 93' lang='grc'>;</span> 
     </span>
     <span class='ocr_line' id='line_1_21' title="bbox 317 1736 1409 1791; baseline 0.002 -13"><span class='ocrx_word' id='word_1_127' title='bbox 317 1738 496 1779; x_wconf 78' lang='lat' dir='ltr'><strong>&#39;salibus</strong></span> <span class='ocrx_word' id='word_1_128' title='bbox 515 1736 775 1791; x_wconf 74' lang='lat' dir='ltr'><strong>adgreditur</strong></span> <span class='ocrx_word' id='word_1_129' title='bbox 791 1741 1008 1780; x_wconf 88' lang='lat' dir='ltr'><strong>Venerem</strong></span> <span class='ocrx_word' id='word_1_130' title='bbox 1027 1740 1233 1780; x_wconf 83' lang='lat' dir='ltr'><strong>Saturnia</strong></span> <span class='ocrx_word' id='word_1_131' title='bbox 1250 1740 1377 1781; x_wconf 87' lang='lat' dir='ltr'><strong>dietis</strong></span> <span class='ocrx_word' id='word_1_132' title='bbox 1400 1756 1409 1780; x_wconf 71' lang='grc' dir='ltr'>ε</span> 
     </span>
     <span class='ocr_line' id='line_1_22' title="bbox 318 1805 1476 1860; baseline 0.004 -17"><span class='ocrx_word' id='word_1_133' title='bbox 318 1822 334 1843; x_wconf 84' lang='lat'>«</span> <span class='ocrx_word' id='word_1_134' title='bbox 360 1807 595 1858; x_wconf 86' lang='lat' dir='ltr'><strong>Egregiam</strong></span> <span class='ocrx_word' id='word_1_135' title='bbox 613 1816 719 1847; x_wconf 88' lang='lat' dir='ltr'><strong>vero</strong></span> <span class='ocrx_word' id='word_1_136' title='bbox 735 1805 911 1849; x_wconf 83' lang='lat' dir='ltr'><strong>laudern</strong></span> <span class='ocrx_word' id='word_1_137' title='bbox 931 1810 975 1849; x_wconf 86' lang='lat' dir='ltr'><strong>et</strong></span> <span class='ocrx_word' id='word_1_138' title='bbox 988 1805 1126 1860; x_wconf 87' lang='lat' dir='ltr'><strong>spolia</strong></span> <span class='ocrx_word' id='word_1_139' title='bbox 1138 1806 1288 1859; x_wconf 80' lang='lat' dir='ltr'><strong>ampla</strong></span> <span class='ocrx_word' id='word_1_140' title='bbox 1306 1807 1476 1850; x_wconf 82' lang='lat' dir='ltr'><strong>refertis</strong></span> 
     </span>
     <span class='ocr_line' id='line_1_23' title="bbox 317 1878 1636 1931; baseline 0.002 -15"><span class='ocrx_word' id='word_1_141' title='bbox 317 1879 473 1929; x_wconf 87' lang='lat' dir='ltr'><strong>Tuque</strong></span> <span class='ocrx_word' id='word_1_142' title='bbox 502 1886 700 1931; x_wconf 88' lang='lat' dir='ltr'><strong>puerque</strong></span> <span class='ocrx_word' id='word_1_143' title='bbox 715 1878 831 1926; x_wconf 84' lang='lat' dir='ltr'><strong>tuus;</strong></span> <span class='ocrx_word' id='word_1_144' title='bbox 848 1888 1058 1922; x_wconf 63' lang='lat' dir='ltr'><strong>magnum</strong></span> <span class='ocrx_word' id='word_1_145' title='bbox 1077 1879 1120 1917; x_wconf 87' lang='lat' dir='ltr'><strong>et</strong></span> <span class='ocrx_word' id='word_1_146' title='bbox 1143 1878 1428 1920; x_wconf 82' lang='lat' dir='ltr'><strong>memorabile</strong></span> <span class='ocrx_word' id='word_1_147' title='bbox 1447 1890 1610 1921; x_wconf 85' lang='lat' dir='ltr'><strong>numen</strong></span> <span class='ocrx_word' id='word_1_148' title='bbox 1629 1912 1636 1925; x_wconf 83' lang='lat'>‚</span> 
     </span>
     <span class='ocr_line' id='line_1_24' title="bbox 318 1944 1422 1989; baseline 0.001 -2"><span class='ocrx_word' id='word_1_149' title='bbox 318 1949 415 1987; x_wconf 84' lang='lat' dir='ltr'><strong>Una</strong></span> <span class='ocrx_word' id='word_1_150' title='bbox 438 1944 545 1987; x_wconf 91' lang='lat' dir='ltr'><strong>dolo</strong></span> <span class='ocrx_word' id='word_1_151' title='bbox 566 1945 719 1987; x_wconf 74' lang='lat' dir='ltr'><strong>divum</strong></span> <span class='ocrx_word' id='word_1_152' title='bbox 751 1945 786 1987; x_wconf 90' lang='lat' dir='ltr'><strong>si</strong></span> <span class='ocrx_word' id='word_1_153' title='bbox 807 1945 970 1989; x_wconf 74' lang='lat' dir='ltr'><strong>femin-‘1</strong></span> <span class='ocrx_word' id='word_1_154' title='bbox 991 1947 1111 1988; x_wconf 77' lang='lat' dir='ltr'><strong>vieta</strong></span> <span class='ocrx_word' id='word_1_155' title='bbox 1128 1946 1317 1988; x_wconf 88' lang='lat' dir='ltr'><strong>duorum</strong></span> <span class='ocrx_word' id='word_1_156' title='bbox 1336 1949 1422 1988; x_wconf 82' lang='lat' dir='ltr'><strong>est!</strong></span> 
     </span>
    </p>

    <p class='ocr_par' dir='ltr' id='par_1_8' title="bbox 318 2015 1409 2139">
     <span class='ocr_line' id='line_1_25' title="bbox 318 2015 1409 2064; baseline 0.002 -9"><span class='ocrx_word' id='word_1_157' title='bbox 318 2016 408 2057; x_wconf 77' lang='lat' dir='ltr'><strong>Nee</strong></span> <span class='ocrx_word' id='word_1_158' title='bbox 424 2025 496 2057; x_wconf 89' lang='lat' dir='ltr'><strong>me</strong></span> <span class='ocrx_word' id='word_1_159' title='bbox 512 2015 624 2058; x_wconf 85' lang='lat' dir='ltr'><strong>adeo</strong></span> <span class='ocrx_word' id='word_1_160' title='bbox 640 2015 766 2064; x_wconf 61' lang='lat' dir='ltr'><strong>fallit,</strong></span> <span class='ocrx_word' id='word_1_161' title='bbox 785 2017 974 2059; x_wconf 76' lang='lat' dir='ltr'><strong>veritam</strong></span> <span class='ocrx_word' id='word_1_162' title='bbox 994 2019 1034 2058; x_wconf 88' lang='lat' dir='ltr'><strong>te</strong></span> <span class='ocrx_word' id='word_1_163' title='bbox 1053 2016 1217 2058; x_wconf 83' lang='lat' dir='ltr'><strong>moenia</strong></span> <span class='ocrx_word' id='word_1_164' title='bbox 1233 2021 1381 2057; x_wconf 87' lang='lat' dir='ltr'><strong>nostra</strong></span> <span class='ocrx_word' id='word_1_165' title='bbox 1401 2049 1409 2063; x_wconf 82' lang='grc'>,</span> 
     </span>
     <span class='ocr_line' id='line_1_26' title="bbox 318 2085 1373 2139; baseline 0 -14"><span class='ocrx_word' id='word_1_166' title='bbox 318 2088 551 2137; x_wconf 80' lang='lat' dir='ltr'><strong>suspectas</strong></span> <span class='ocrx_word' id='word_1_167' title='bbox 568 2085 772 2127; x_wconf 82' lang='lat' dir='ltr'><strong>habuisse</strong></span> <span class='ocrx_word' id='word_1_168' title='bbox 786 2085 943 2127; x_wconf 89' lang='lat' dir='ltr'><strong>domos</strong></span> <span class='ocrx_word' id='word_1_169' title='bbox 964 2085 1242 2139; x_wconf 71' lang='lat' dir='ltr'><strong>Carthaginis</strong></span> <span class='ocrx_word' id='word_1_170' title='bbox 1260 2086 1373 2129; x_wconf 82' lang='lat' dir='ltr'><strong>altae.</strong></span> 
     </span>
    </p>

    <p class='ocr_par' dir='ltr' id='par_1_9' title="bbox 321 2155 1615 2348">
     <span class='ocr_line' id='line_1_27' title="bbox 321 2155 1615 2210; baseline 0.003 -15"><span class='ocrx_word' id='word_1_171' title='bbox 321 2155 405 2197; x_wconf 88' lang='lat' dir='ltr'><strong>Sed</strong></span> <span class='ocrx_word' id='word_1_172' title='bbox 427 2157 525 2210; x_wconf 87' lang='lat' dir='ltr'><strong>quis</strong></span> <span class='ocrx_word' id='word_1_173' title='bbox 547 2157 631 2198; x_wconf 85' lang='lat' dir='ltr'><strong>erit</strong></span> <span class='ocrx_word' id='word_1_174' title='bbox 650 2155 832 2198; x_wconf 81' lang='lat' dir='ltr'><strong>modus?</strong></span> <span class='ocrx_word' id='word_1_175' title='bbox 856 2162 930 2198; x_wconf 83' lang='lat' dir='ltr'><strong>aut</strong></span> <span class='ocrx_word' id='word_1_176' title='bbox 948 2168 1038 2209; x_wconf 90' lang='lat' dir='ltr'><strong>quo</strong></span> <span class='ocrx_word' id='word_1_177' title='bbox 1058 2167 1180 2198; x_wconf 88' lang='lat' dir='ltr'><strong>nunc</strong></span> <span class='ocrx_word' id='word_1_178' title='bbox 1201 2158 1443 2199; x_wconf 78' lang='lat' dir='ltr'><strong>certamina</strong></span> <span class='ocrx_word' id='word_1_179' title='bbox 1462 2159 1615 2199; x_wconf 60' lang='lat' dir='ltr'><strong>tanta?</strong></span> 
     </span>
     <span class='ocr_line' id='line_1_28' title="bbox 323 2223 1589 2280; baseline 0.002 -16"><span class='ocrx_word' id='word_1_180' title='bbox 323 2225 443 2274; x_wconf 84' lang='lat' dir='ltr'><strong>Quin</strong></span> <span class='ocrx_word' id='word_1_181' title='bbox 469 2225 622 2280; x_wconf 81' lang='lat' dir='ltr'><strong>potius</strong></span> <span class='ocrx_word' id='word_1_182' title='bbox 643 2235 798 2278; x_wconf 86' lang='lat' dir='ltr'><strong>pacem</strong></span> <span class='ocrx_word' id='word_1_183' title='bbox 815 2227 1029 2266; x_wconf 60' lang='lat' dir='ltr'><strong>aeternam</strong></span> <span class='ocrx_word' id='word_1_184' title='bbox 1045 2257 1053 2273; x_wconf 72' lang='lat'><strong><em>,</em></strong></span> <span class='ocrx_word' id='word_1_185' title='bbox 1071 2227 1313 2279; x_wconf 77' lang='lat' dir='ltr'><strong>pactosque</strong></span> <span class='ocrx_word' id='word_1_186' title='bbox 1334 2223 1589 2277; x_wconf 76' lang='lat' dir='ltr'><strong>hymenaeos</strong></span> 
     </span>
     <span class='ocr_line' id='line_1_29' title="bbox 325 2293 1428 2348; baseline 0.002 -17"><span class='ocrx_word' id='word_1_187' title='bbox 325 2294 596 2336; x_wconf 75' lang='lat' dir='ltr'><strong>Exereemus</strong></span> <span class='ocrx_word' id='word_1_188' title='bbox 613 2296 631 2334; x_wconf 72' lang='grc' dir='ltr'>Ρ</span> <span class='ocrx_word' id='word_1_189' title='bbox 649 2294 798 2342; x_wconf 85' lang='lat' dir='ltr'><strong>habes,</strong></span> <span class='ocrx_word' id='word_1_190' title='bbox 846 2298 933 2336; x_wconf 79' lang='lat' dir='ltr'><strong>tota</strong></span> <span class='ocrx_word' id='word_1_191' title='bbox 952 2293 1071 2348; x_wconf 88' lang='lat' dir='ltr'><strong>quod</strong></span> <span class='ocrx_word' id='word_1_192' title='bbox 1092 2299 1240 2336; x_wconf 79' lang='lat' dir='ltr'><strong>mente</strong></span> <span class='ocrx_word' id='word_1_193' title='bbox 1261 2294 1428 2347; x_wconf 79' lang='lat' dir='ltr'><strong>petisti:</strong></span> 
     </span>
    </p>

    <p class='ocr_par' dir='ltr' id='par_1_10' title="bbox 321 2362 1642 2488">
     <span class='ocr_line' id='line_1_30' title="bbox 323 2362 1472 2418; baseline -0.001 -14"><span class='ocrx_word' id='word_1_194' title='bbox 323 2362 465 2407; x_wconf 80' lang='lat' dir='ltr'><strong>Ardet</strong></span> <span class='ocrx_word' id='word_1_195' title='bbox 481 2376 633 2406; x_wconf 79' lang='lat' dir='ltr'><strong>ainans</strong></span> <span class='ocrx_word' id='word_1_196' title='bbox 654 2363 781 2410; x_wconf 90' lang='lat' dir='ltr'><strong>Dido,</strong></span> <span class='ocrx_word' id='word_1_197' title='bbox 817 2365 1036 2418; x_wconf 83' lang='lat' dir='ltr'><strong>traxitque</strong></span> <span class='ocrx_word' id='word_1_198' title='bbox 1050 2376 1131 2418; x_wconf 84' lang='lat' dir='ltr'><strong>per</strong></span> <span class='ocrx_word' id='word_1_199' title='bbox 1149 2376 1243 2406; x_wconf 87' lang='lat' dir='ltr'><strong>ossa</strong></span> <span class='ocrx_word' id='word_1_200' title='bbox 1263 2363 1472 2405; x_wconf 81' lang='lat' dir='ltr'><strong>furorem.</strong></span> 
     </span>
     <span class='ocr_line' id='line_1_31' title="bbox 321 2433 1642 2488; baseline -0.001 -15"><span class='ocrx_word' id='word_1_201' title='bbox 321 2438 617 2476; x_wconf 71' lang='lat' dir='ltr'><strong>Communem</strong></span> <span class='ocrx_word' id='word_1_202' title='bbox 640 2433 759 2476; x_wconf 85' lang='lat' dir='ltr'><strong>hunc</strong></span> <span class='ocrx_word' id='word_1_203' title='bbox 793 2446 895 2487; x_wconf 82' lang='lat' dir='ltr'><strong>ergo</strong></span> <span class='ocrx_word' id='word_1_204' title='bbox 921 2434 1136 2487; x_wconf 75' lang='lat' dir='ltr'><strong>populum</strong></span> <span class='ocrx_word' id='word_1_205' title='bbox 1161 2434 1422 2488; x_wconf 77' lang='lat' dir='ltr'><strong>paribusque</strong></span> <span class='ocrx_word' id='word_1_206' title='bbox 1439 2445 1642 2486; x_wconf 66' lang='lat' dir='ltr'><strong>regamus</strong></span> 
     </span>
    </p>
   </div>
  </div>
 </body>
</html>
