1917 2942
302 323 380 361 2615
835 323 1089 361 AENEIDOS
1535 326 1608 362 7:57

302 414 403 451 Esse
415 409 555 460 jubet.
580 408 753 450 Gaudet
769 418 908 461 regno
926 410 1138 459 'trojanus
1159 411 1349 454 Acestes,

298 478 546 530 Indicitque
562 477 727 528 forum,
754 481 797 519 et
818 478 1018 530 patribus
1039 478 1113 519 dat
1126 480 1226 530 jura
1244 479 1429 520 vocatis.

299 550 410 588 Tum
424 547 569 588 vicina
587 546 714 588 astris
728 547 923 595 Erycino
940 547 983 586 in
1003 547 1168 588 vertice
1186 546 1311 589 sedes

295 616 526 658 Fundatur
548 616 708 658 Veneri
730 615 893 662 Idaliae,
920 615 1177 668 tumuloque
1197 616 1400 659 sacerdos

298 690 363 728 Ac
381 686 508 726 lucus
526 684 615 726 late
630 696 752 728 sacer
774 682 953 725 additur
969 684 1205 727 Anchiseo.

349 759 535 808 Jamque
555 755 650 797 dies
667 757 843 808 epulata
863 765 1028 797 novem
1049 766 1155 807 gens
1177 757 1336 801 omnis,
1359 760 1403 798 et
1423 758 1504 797 aris

293 827 455 866 Factus
473 824 639 872 honos3
658 823 824 877 placidi
841 826 1099 866 straverunt
1117 835 1293 877 aequora
1314 827 1450 872 venti,

293 892 459 933 Creber
478 895 522 933 et
540 891 769 944 adspirans
786 903 939 933 rursus
957 893 1086 933 vocat
1103 895 1263 934 Auster
1281 893 1330 934 in
1348 895 1501 936 altum.

293 963 501 1003 Exoritur
521 972 741 1015 procurva
759 961 917 1013 ingens
940 972 1016 1013 per
1036 961 1168 1003 litora
1184 959 1332 1010 fletus3

294 1031 523 1085 complexi
538 1031 654 1071 inter
671 1042 717 1073 se
737 1034 1005 1084 noctemque
1025 1031 1229 1084 diemque
1248 1034 1498 1074 morantur.

290 1103 402 1156 Ipsae
418 1102 512 1152 jam
532 1103 708 1147 matres,
733 1100 830 1152 ipsi,
849 1101 1008 1153 quibus
1026 1111 1178 1153 aspera
1198 1101 1420 1154 quondam

290 1170 395 1211 visa
412 1169 546 1210 maris
567 1168 713 1215 facies,
743 1171 892 1209 etnon
916 1169 1140 1211 tolerabile
1160 1180 1338 1217 nornen,

289 1241 360 1280 Ire
380 1239 552 1285 volunt,
578 1249 847 1291 omnemque
863 1237 975 1290 fugae
997 1237 1190 1291 perferre
1206 1239 1421 1282 laborem.

290 1312 411 1360 Quos
432 1309 578 1350 bonus
595 1311 748 1349 AEneas
764 1307 890 1348 dictis
908 1308 1075 1349 solatur
1091 1308 1257 1357 amiciS,

287 1381 342 1418 Et
357 1378 694 1429 consanguineo
715 1377 965 1429 lacrymans
983 1378 1267 1419 commendat
1283 1381 1465 1419 Acestae.

288 1451 396 1490 Tres
412 1447 543 1500 Eryci
557 1447 734 1490 vitulos,
759 1449 804 1489 et
822 1448 1167 1502 Tempestatibus
1186 1459 1360 1499 agnam,

285 1516 464 1558 Credere
482 1515 642 1557 deinde
655 1517 798 1566 jubet,
815 1517 1013 1568 solvique
1035 1528 1085 1558 ex
1104 1518 1261 1559 ordine
1282 1517 1448 1560 funem.

285 1590 397 1640 Ipse,
417 1587 554 1639 caput
570 1588 706 1626 tonsae
726 1582 836 1627 toliis
856 1585 1054 1628 evinctus
1073 1586 1216 1634 olivae,

284 1660 412 1697 Stans
430 1654 587 1710 procul
607 1655 653 1694 in
672 1665 806 1706 prora
824 1655 1025 1706 pateram
1047 1657 1182 1706 tenet,
1208 1659 1392 1709 extaque
1410 1656 1542 1698 salsos

283 1725 474 1767 Porricit
501 1726 547 1765 in
569 1713 738 1774 ssuctuS,
762 1734 812 1766 ac
831 1724 934 1765 vina
957 1723 1170 1777 liquentia
1191 1721 1353 1764 fundit.

280 1794 574 1848 Prosequitur
591 1803 774 1846 surgens
797 1805 820 1834 a
841 1792 981 1847 puppi
999 1794 1157 1834 ventus
1176 1794 1346 1833 euntes.

280 1865 498 1908 Certatim
515 1864 624 1904 socii
645 1862 807 1904 feriunt
822 1871 959 1909 mare,
982 1862 1026 1901 et
1047 1871 1227 1914 aequora
1245 1865 1446 1902 verrunt.

329 1935 387 1975 At
402 1934 551 1974 Venus
572 1932 741 1973 interea
756 1931 1015 1983 Neptunum
1037 1929 1226 1971 exercita
1242 1930 1357 1971 curis

277 2002 557 2056 Adloquitur,
583 2002 774 2053 talesque
791 1997 977 2041 effundit
1001 2001 1182 2052 pectore
1200 2003 1404 2052 questus:

329 2088 343 2110 u
368 2072 560 2113 Junonis
575 2070 721 2122 gravis
744 2069 825 2119 ira,
847 2079 930 2109 nec
949 2067 1242 2110 exsaturabile
1262 2069 1431 2121 pectus,

273 2144 549 2193 Coguntme‚
578 2140 804 2198 Neptune,‘
823 2148 975 2191 preces
996 2135 1266 2178 descendere
1286 2137 1333 2177 in
1354 2147 1507 2185 onmes
1526 2150 1534 2171 ε

274 2213 415 2261 Quam
437 2220 519 2252 nec
540 2211 673 2261 longa
692 2209 802 2254 dies,
825 2207 965 2261 pietas
990 2217 1074 2248 nec
1095 2207 1269 2257 mitigat
1291 2206 1402 2254 ulla;

272 2283 366 2322 Nec
394 2279 520 2321 Jovis
538 2278 731 2329 imperio
752 2276 904 2319 talisve
922 2274 1112 2317 infracta
1128 2275 1325 2329 quiescit.

269 2353 369 2391 Non
384 2348 530 2391 media
548 2347 602 2389 de
618 2350 748 2399 gente
763 2347 990 2400 Phrygum
1013 2346 1208 2389 exedisse
1225 2344 1429 2388 nefandis

268 2420 435 2463 Urbem
457 2418 570 2461 odiis
592 2418 699 2459 satis
719 2422 795 2464 est,
820 2428 902 2459 nee
922 2427 1096 2471 pwnan]
1117 2419 1237 2458 traxe
1255 2427 1333 2468 per
1353 2427 1531 2458 omnem
