1917 2942
324 308 401 348 342
850 309 1109 351 AENEIDOS
1552 316 1629 356 *3714

381 411 397 432 «
422 398 538 437 Dum
554 394 669 437 bello
690 395 884 449 Argolici
900 399 1132 442 vastabant
1149 403 1362 454 Pergama
1381 414 1506 456 reges

325 465 480 507 Debita
500 475 766 518 casurasque
785 466 975 509 inimicis
994 468 1168 520 ignibus
1188 481 1310 514 arces
1329 487 1340 511 2

324 536 422 574 Nou
442 533 584 575 ullum
604 534 814 576 auxilium
831 538 1021 583 miseris.
1045 549 1139 579 non
1158 550 1281 581 arma
1295 525 1449 594 rogavi

326 604 444 644 Artis
461 605 646 658 opisque
667 607 775 653 tuae;
800 616 882 648 uec
902 607 967 653 te,
992 607 1222 651 carissime«
1236 612 1415 662 conjux,

321 675 605 715 Incassumve
628 678 724 715 tuos
741 674 858 716 volui
877 686 1079 717 exercere
1093 676 1287 725 labores;

324 741 534 790 Quamvis
555 744 598 784 et
615 743 779 783 Priami
800 742 1007 786 deberem
1026 745 1214 799 plurima
1233 746 1369 796 natis,

322 813 375 850 Et
390 809 553 852 durum
576 814 721 852 AEneae
744 810 961 855 flevissem
980 824 1095 866 saepe
1113 814 1311 858 laborem
1330 829 1340 853 τ

322 881 453 921 Nunc
472 881 595 921 Jovis
612 880 808 935 imperiis
828 882 1100 923 Rutulorum
1117 884 1316 925 constitit
1334 886 1435 926 oris.

323 956 442 1005 Ergo
460 952 614 994 eadem
633 952 814 1006 supplex
834 954 987 1000 venio,
1011 956 1054 996 et
1070 958 1273 996 sanctum
1290 954 1399 997 mihi
1417 967 1583 1000 numen

322 1027 460 1065 Arma
479 1033 609 1073 rogo,
649 1022 835 1075 genitrix
854 1025 973 1064 nato.
995 1026 1054 1065 Te
1072 1023 1158 1065 filia
1175 1025 1330 1068 Nerei,

322 1096 382 1136 Te
401 1093 545 1147 potuit
559 1092 767 1145 lacrymis
784 1093 993 1134 Tithonia
1013 1090 1191 1136 flectere
1212 1095 1387 1145 conjux.

322 1164 512 1215 Adspice
540 1164 614 1217 qui
635 1163 791 1205 coeant
814 1163 961 1215 populi
982 1195 991 1211 ,
1014 1175 1111 1216 quae
1138 1164 1301 1206 moenia
1318 1164 1478 1207 clausis

322 1235 507 1275 Ferrum
528 1238 687 1274 acuant
704 1232 844 1286 portis
863 1233 910 1273 in
928 1243 999 1275 me
1018 1232 1322 1285 excidiumque
1344 1245 1562 1277 meorum.
1587 1250 1603 1272 υ

375 1304 557 1345 Dixerat
574 1318 584 1350 ;
609 1304 653 1343 et
670 1303 810 1344 niveis
828 1300 935 1343 hinc
955 1307 1088 1354 atque
1106 1301 1212 1345 hinc
1231 1301 1332 1344 diva
1352 1301 1531 1347 lacertis

322 1374 615 1415 Cunctantem
636 1372 840 1425 amplexu
857 1371 980 1413 molli
1000 1370 1133 1414 fovet.
1152 1373 1233 1414 Ille
1255 1376 1440 1426 repente

323 1443 512 1497 Adcepit
528 1444 703 1485 solitam
723 1442 947 1484 flammam
965 1460 976 1492 ς
1002 1446 1220 1496 notusque
1242 1443 1454 1487 medullas

321 1514 512 1555 Intravit
528 1514 662 1563 calor,
686 1514 729 1555 et
750 1511 965 1555 labefacta
985 1524 1063 1566 per
1082 1524 1181 1554 ossa
1200 1513 1397 1555 cucurrit
1415 1525 1425 1550 ε

323 1586 425 1625 Non
444 1594 570 1626 secus
586 1584 716 1636 atque
738 1583 842 1624 olim
858 1613 867 1630 ‚
887 1583 1056 1624 tonitru
1076 1594 1216 1636 quum
1237 1585 1367 1636 rupta
1385 1593 1569 1627 corusco

323 1658 456 1708 Ignea
477 1654 589 1696 rima
607 1654 773 1696 micans
793 1654 1014 1706 percurrit
1028 1652 1197 1694 lumine
1214 1652 1406 1695 nimbos.

319 1724 465 1766 Sensit
482 1723 584 1764 laeta
604 1721 716 1764 dolis
734 1726 776 1766 et
799 1723 951 1764 formae
970 1722 1148 1765 conscia
1169 1724 1349 1773 conjux.

318 1799 431 1836 Tum
450 1796 576 1849 pater
592 1798 758 1836 aeterno
781 1793 898 1835 fatur
918 1792 1152 1836 devinctus
1173 1804 1324 1836 amore
1342 1806 1353 1831 z

320 1882 335 1903 a
357 1864 471 1917 Quid
492 1876 645 1906 causas
664 1865 778 1919 petis
796 1875 846 1906 ex
866 1864 986 1906 alto?
1004 1861 1167 1905 fiducia
1187 1864 1318 1906 cessit

316 1939 414 1985 Quo
435 1934 535 1981 tibi,
556 1934 655 1975 diva
675 1965 685 1985 ,
708 1935 795 1975 mei
812 1935 831 1974 ἶν’
851 1933 1013 1975 Similis
1034 1933 1068 1974 si
1089 1944 1192 1975 cura
1210 1931 1362 1975 fuisset
1376 1964 1387 1980 ,

314 2010 427 2048 Tum
449 2016 628 2060 quoque
647 2003 710 2047 i'as
727 2005 855 2047 uobis
876 2007 1072 2046 Teucros
1090 2016 1262 2047 armare
1282 2004 1453 2054 suisset;

313 2079 407 2119 Nec
426 2077 554 2130 pater
577 2077 863 2129 omnipotens
883 2077 1061 2126 Trojam
1078 2107 1086 2124 ,
1105 2086 1189 2118 uec
1210 2073 1294 2118 fata
1315 2075 1524 2119 vetabant

313 2151 459 2195 Stare,
483 2146 725 2200 decemque
747 2146 853 2189 alios
873 2146 1099 2187 PrIamum
1133 2157 1360 2198 superesse
1383 2156 1462 2200 per
1482 2157 1638 2189 anuos.

312 2221 368 2258 Et
390 2228 510 2258 nunc
523 2248 535 2268 ,
552 2216 587 2258 si
607 2216 770 2259 bellare
792 2227 942 2270 paraS,
961 2220 1092 2267 atque
1111 2214 1208 2256 haee
1225 2214 1302 2255 tibi
1324 2225 1449 2256 mens
1465 2217 1557 2262 est,

314 2286 544 2341 Quidquid
567 2287 610 2327 in
630 2290 722 2329 arte
738 2297 838 2329 mea
856 2296 1042 2338 possum
1060 2285 1322 2338 promittere
1340 2295 1458 2326 curae
1476 2316 1485 2332 ,

312 2355 440 2406 Quod
463 2352 556 2397 sieri
578 2354 694 2397 ferro
714 2353 942 2408 liquidove
962 2356 1107 2407 potest
1127 2351 1294 2395 electro
1313 2384 1322 2400 ‚

314 2428 541 2475 Quantum
563 2425 688 2477 ignes
709 2425 955 2477 animaeque
972 2423 1145 2471 valent3
1169 2423 1324 2468 absiste
1344 2425 1568 2478 precando
