1917 2942
328 317 404 358 ⁴86
859 317 1116 356 AENEIDOS
1565 319 1640 356 705

324 405 529 446 Vestrum
541 404 627 445 hoc
643 405 895 456 augurium,
911 407 1146 456 vestroque
1159 404 1202 443 in
1216 403 1399 445 numine
1414 406 1544 455 Troja
1559 406 1637 445 est.

324 471 443 515 Cedo
463 473 666 526 equidem
684 488 694 519 ;
717 484 799 514 nec
818 503 828 522 ,
848 474 975 521 nate,
1001 475 1078 515 tibi
1100 484 1248 517 comes
1265 475 1330 515 ire
1351 485 1519 517 recuso.
1545 492 1559 511 υ

377 542 556 583 Dixerat
572 541 668 589 ille3
690 543 833 592 etjam
853 553 934 595 per
948 542 1111 584 moenia
1131 543 1292 585 clarior
1314 544 1427 597 ignis

325 610 530 656 Auditur,
552 612 827 665 propiusque
843 615 973 653 {estus
987 612 1193 655 incendia
1208 615 1417 655 volvunt.

327 695 345 718 ι(
363 683 481 732 Ergo
502 691 604 733 age,
623 690 725 722 care
747 682 885 734 pater,
905 682 1067 723 cervici
1089 681 1322 734 imponere
1343 685 1505 723 nos'trae
1526 699 1535 722 ε

326 753 424 803 Ipse
454 749 611 791 subibo
628 748 847 796 humeris,
872 761 955 792 nec
971 762 1042 792 me
1057 750 1180 791 labor
1194 752 1274 793 iste
1286 752 1509 804 gravabit3

326 822 425 869 Quo
442 830 511 860 res
529 830 707 871 cunque
722 819 903 864 cadent.
928 831 1069 861 unum
1085 824 1128 861 et
1150 831 1389 863 commune
1408 821 1639 873 periclum,

330 891 363 928 U
369 898 425 929 na
446 887 562 929 salus
582 888 797 930 ambobus
816 888 913 929 erit.
938 888 1045 929 Mihi
1065 900 1227 943 parvus
1240 891 1359 932 Iulus

327 957 389 997 sit
410 967 584 1004 comes;
605 958 648 998 et
663 956 798 1009 longe
818 959 967 999 servet
987 958 1170 1010 vestigia
1185 962 1424 1011 conjux?

323 1029 406 1066 Vos
425 1025 590 1077 famuli,
611 1036 708 1077 quae
725 1025 885 1073 dicam,
906 1026 1065 1067 animis
1084 1026 1300 1070 advertite
1317 1028 1486 1070 vestris.

325 1098 400 1138 Est
417 1095 526 1137 urbe
542 1096 727 1148 egressis
749 1097 945 1137 tumulus
966 1128 975 1144 ,
996 1097 1300 1151 templumque
1318 1099 1542 1139 vetustum

329 1169 518 1209 Desertae
539 1167 712 1208 Cereris
728 1197 737 1217 ,
748 1168 961 1219 Juxtaque
980 1168 1157 1220 antiqua
1175 1178 1431 1220 cupressus,

328 1235 557 1288 Religione
569 1240 746 1289 patrum
762 1236 927 1277 multos
940 1238 1114 1278 servata
1129 1248 1209 1290 per
1228 1247 1366 1279 annos
1387 1254 1397 1277 :

329 1308 451 1346 Hanc
468 1315 519 1346 ex:
543 1304 719 1346 diverso
736 1304 887 1346 sedem
906 1306 1138 1348 veniemus
1155 1306 1200 1346 in
1221 1318 1372 1348 uuam.

325 1377 404 1422 Tu,
424 1375 612 1427 genitor,
633 1385 741 1427 cape
762 1384 886 1415 sacra
907 1385 1058 1423 manu,
1077 1375 1329 1429 patriosque
1352 1378 1567 1418 Penatesz

329 1447 396 1485 Me
412 1474 421 1491 ,
440 1444 556 1485 bello
575 1455 598 1485 e
617 1445 740 1484 [auto
758 1442 1005 1495 digressum
1025 1448 1069 1486 et
1083 1443 1203 1486 caede
1222 1445 1406 1495 recenti,

326 1514 587 1555 Adtrectare
609 1512 751 1559 nefas,
776 1512 921 1555 donec
939 1524 1011 1555 me
1030 1513 1214 1556 flumine
1226 1516 1334 1557 vivo

332 1582 540 1624 Abluero.
562 1598 578 1619 »

379 1655 489 1695 Haee
503 1652 638 1698 fatus.
659 1652 772 1694 latos
788 1652 998 1695 humeros
1018 1654 1308 1707 subjectaque
1322 1655 1436 1697 colla

328 1725 456 1765 Veste
471 1734 604 1776 super
623 1721 818 1775 fulvique
836 1723 1061 1765 insternor
1080 1723 1192 1776 pelle
1212 1724 1351 1766 leonis
1370 1755 1378 1770 ,

326 1793 614 1847 Succedoque
629 1793 772 1835 oneri.
793 1796 966 1835 Dextrae
983 1806 1028 1835 se
1048 1804 1210 1848 parvus
1229 1795 1348 1835 iiilus

328 1861 553 1917 Implicuit
569 1895 578 1909 ,
601 1862 889 1915 sequiturque
905 1865 1077 1915 patrem
1094 1874 1186 1904 non
1204 1864 1402 1916 passibus
1419 1865 1569 1916 aequis.

330 1934 453 1973 Pone
472 1931 593 1972 subii
609 1933 786 1982 conjux.
808 1930 1011 1972 Ferimur
1028 1942 1106 1984 per
1127 1940 1263 1983 opaca
1280 1932 1496 1973 locorum.

327 2003 380 2041 Et
395 2012 488 2048 me,
510 2011 645 2053 quem
668 1999 840 2040 dudum
860 2011 953 2041 non
973 2001 1060 2043 ulla
1081 2001 1245 2052 injecta
1259 2000 1500 2042 movebant

328 2071 453 2117 Tela,
478 2080 623 2124 neque
644 2070 832 2112 adverso
853 2071 1091 2122 glomerati
1107 2082 1159 2112 ex
1177 2071 1355 2123 agmine
1372 2070 1517 2118 Graii,

329 2144 454 2182 Nunc
471 2150 625 2182 omnes
645 2141 816 2181 terrent
836 2151 953 2181 aurae
974 2156 984 2189 ;
1008 2150 1142 2181 sonus
1160 2140 1319 2182 excitat
1334 2140 1478 2182 omnis

326 2216 594 2263 suspensum
613 2240 621 2256 ‚
641 2211 685 2250 et
700 2210 865 2262 pariter
885 2210 1127 2263 comitique
1146 2211 1360 2262 onerique
1375 2211 1621 2253 timentem.

381 2283 569 2331 Jamque
586 2279 936 2334 propinquabam
954 2280 1105 2333 portis,
1129 2290 1397 2333 omnemque
1414 2279 1599 2321 videbar

330 2350 682 2392 Evasissevicem
697 2380 706 2395 ,
730 2350 877 2390 subito
900 2361 1038 2402 quum
1058 2350 1212 2391 creber
1234 2350 1287 2391 ad
1307 2361 1434 2391 aures

337 2421 462 2463 Visus
483 2420 632 2463 adesse
649 2419 811 2474 pedum
829 2420 998 2462 sonitus
1021 2437 1028 2459 :
1052 2422 1315 2474 genitorque
1338 2432 1416 2473 per
1433 2420 1641 2463 umbrmu
