<?xml version="1.0" encoding="UTF-8"?>
<!DOCTYPE html PUBLIC "-//W3C//DTD XHTML 1.0 Transitional//EN"
    "http://www.w3.org/TR/xhtml1/DTD/xhtml1-transitional.dtd">
<html xmlns="http://www.w3.org/1999/xhtml" xml:lang="en" lang="en">
 <head>
  <title>
</title>
<meta http-equiv="Content-Type" content="text/html;charset=utf-8" />
  <meta name='ocr-system' content='tesseract 3.04.00' />
  <meta name='ocr-capabilities' content='ocr_page ocr_carea ocr_par ocr_line ocrx_word'/>
</head>
<body>
  <div class='ocr_page' id='page_1' title='image "./publiivirgiliim01unkngoog/publiivirgiliim01unkngoog_0096.png"; bbox 0 0 1917 2942; ppageno 0'>
   <div class='ocr_carea' id='block_1_1' title="bbox 224 330 1539 377">
    <p class='ocr_par' dir='ltr' id='par_1_1' title="bbox 224 330 1539 377">
     <span class='ocr_line' id='line_1_1' title="bbox 224 330 1539 377; baseline 0.004 -7"><span class='ocrx_word' id='word_1_1' title='bbox 224 330 275 370; x_wconf 66' lang='lat'>9²2</span> <span class='ocrx_word' id='word_1_2' title='bbox 717 334 1042 375; x_wconf 83' lang='lat' dir='ltr'>GEORGICON</span> <span class='ocrx_word' id='word_1_3' title='bbox 1461 337 1539 377; x_wconf 52' lang='lat' dir='ltr'>ase</span> 
     </span>
    </p>
   </div>
   <div class='ocr_carea' id='block_1_2' title="bbox 196 419 1477 2486">
    <p class='ocr_par' dir='ltr' id='par_1_2' title="bbox 223 419 1414 474">
     <span class='ocr_line' id='line_1_2' title="bbox 223 419 1414 474; baseline 0.005 -16"><span class='ocrx_word' id='word_1_4' title='bbox 223 419 321 458; x_wconf 77' lang='lat' dir='ltr'>Non</span> <span class='ocrx_word' id='word_1_5' title='bbox 341 429 409 460; x_wconf 79' lang='lat' dir='ltr'>res</span> <span class='ocrx_word' id='word_1_6' title='bbox 427 421 637 459; x_wconf 60' lang='lat' dir='ltr'>Romanas</span> <span class='ocrx_word' id='word_1_7' title='bbox 657 451 666 466; x_wconf 88' lang='lat'><em>‚</em></span> <span class='ocrx_word' id='word_1_8' title='bbox 691 420 978 473; x_wconf 81' lang='lat' dir='ltr'>perituraque</span> <span class='ocrx_word' id='word_1_9' title='bbox 995 431 1129 473; x_wconf 80' lang='lat' dir='ltr'>regna</span> <span class='ocrx_word' id='word_1_10' title='bbox 1147 436 1157 468; x_wconf 87' lang='lat'>;</span> <span class='ocrx_word' id='word_1_11' title='bbox 1177 432 1320 474; x_wconf 87' lang='lat' dir='ltr'>neque</span> <span class='ocrx_word' id='word_1_12' title='bbox 1340 421 1414 464; x_wconf 86' lang='lat' dir='ltr'>ille</span> 
     </span>
    </p>

    <p class='ocr_par' dir='ltr' id='par_1_3' title="bbox 196 487 1425 820">
     <span class='ocr_line' id='line_1_3' title="bbox 196 487 1425 546; baseline 0.003 -19"><span class='ocrx_word' id='word_1_13' title='bbox 196 544 198 546; x_wconf 21' lang='grc' dir='ltr'>Ι</span> <span class='ocrx_word' id='word_1_14' title='bbox 222 490 312 527; x_wconf 89' lang='lat' dir='ltr'>Aut</span> <span class='ocrx_word' id='word_1_15' title='bbox 332 487 474 529; x_wconf 87' lang='lat' dir='ltr'>doluit</span> <span class='ocrx_word' id='word_1_16' title='bbox 492 487 703 529; x_wconf 81' lang='lat' dir='ltr'>miserans</span> <span class='ocrx_word' id='word_1_17' title='bbox 723 489 927 544; x_wconf 82' lang='lat' dir='ltr'>inopem,</span> <span class='ocrx_word' id='word_1_18' title='bbox 955 494 1029 531; x_wconf 86' lang='lat' dir='ltr'>aut</span> <span class='ocrx_word' id='word_1_19' title='bbox 1048 487 1210 530; x_wconf 85' lang='lat' dir='ltr'>invidit</span> <span class='ocrx_word' id='word_1_20' title='bbox 1226 489 1425 533; x_wconf 86' lang='lat' dir='ltr'>habenti.</span> 
     </span>
     <span class='ocr_line' id='line_1_4' title="bbox 223 555 1276 613; baseline 0.003 -15"><span class='ocrx_word' id='word_1_21' title='bbox 223 559 345 607; x_wconf 84' lang='lat' dir='ltr'>Quos</span> <span class='ocrx_word' id='word_1_22' title='bbox 365 559 474 600; x_wconf 77' lang='lat' dir='ltr'>rami</span> <span class='ocrx_word' id='word_1_23' title='bbox 490 555 661 600; x_wconf 73' lang='lat' dir='ltr'>fructus</span> <span class='ocrx_word' id='word_1_24' title='bbox 679 585 688 604; x_wconf 77' lang='lat'><strong>‚</strong></span> <span class='ocrx_word' id='word_1_25' title='bbox 711 569 822 612; x_wconf 88' lang='lat' dir='ltr'>quos</span> <span class='ocrx_word' id='word_1_26' title='bbox 847 561 941 613; x_wconf 82' lang='lat' dir='ltr'>ipsa</span> <span class='ocrx_word' id='word_1_27' title='bbox 956 558 1152 601; x_wconf 84' lang='lat' dir='ltr'>volentia</span> <span class='ocrx_word' id='word_1_28' title='bbox 1170 570 1276 601; x_wconf 80' lang='lat' dir='ltr'>rura</span> 
     </span>
     <span class='ocr_line' id='line_1_5' title="bbox 220 627 1274 682; baseline 0.006 -17"><span class='ocrx_word' id='word_1_29' title='bbox 220 629 388 679; x_wconf 81' lang='lat' dir='ltr'>Sponte</span> <span class='ocrx_word' id='word_1_30' title='bbox 408 627 549 670; x_wconf 78' lang='lat' dir='ltr'>tulere</span> <span class='ocrx_word' id='word_1_31' title='bbox 565 639 665 675; x_wconf 83' lang='lat' dir='ltr'>sua,</span> <span class='ocrx_word' id='word_1_32' title='bbox 685 630 848 682; x_wconf 75' lang='lat' dir='ltr'>carpsit</span> <span class='ocrx_word' id='word_1_33' title='bbox 866 646 876 672; x_wconf 71' lang='lat' dir='ltr'>x</span> <span class='ocrx_word' id='word_1_34' title='bbox 899 639 981 671; x_wconf 86' lang='lat' dir='ltr'>nec</span> <span class='ocrx_word' id='word_1_35' title='bbox 998 628 1246 680; x_wconf 80' lang='lat' dir='ltr'>i&#39;erreajura</span> <span class='ocrx_word' id='word_1_36' title='bbox 1264 659 1274 676; x_wconf 84' lang='lat'><strong>‚</strong></span> 
     </span>
     <span class='ocr_line' id='line_1_6' title="bbox 221 695 1379 752; baseline 0.003 -17"><span class='ocrx_word' id='word_1_37' title='bbox 221 697 522 749; x_wconf 77' lang='lat' dir='ltr'>Insanurnque</span> <span class='ocrx_word' id='word_1_38' title='bbox 544 695 689 739; x_wconf 81' lang='lat' dir='ltr'>forum</span> <span class='ocrx_word' id='word_1_39' title='bbox 707 727 717 743; x_wconf 81' lang='grc'>,</span> <span class='ocrx_word' id='word_1_40' title='bbox 750 699 993 752; x_wconf 82' lang='lat' dir='ltr'>autpopuli</span> <span class='ocrx_word' id='word_1_41' title='bbox 1022 698 1239 740; x_wconf 83' lang='lat' dir='ltr'>tabularia</span> <span class='ocrx_word' id='word_1_42' title='bbox 1253 698 1379 739; x_wconf 87' lang='lat' dir='ltr'>vidit.</span> 
     </span>
     <span class='ocr_line' id='line_1_7' title="bbox 223 764 1250 820; baseline 0.007 -17"><span class='ocrx_word' id='word_1_43' title='bbox 223 764 474 807; x_wconf 71' lang='lat' dir='ltr'>sollicitant</span> <span class='ocrx_word' id='word_1_44' title='bbox 493 767 563 808; x_wconf 85' lang='lat' dir='ltr'>alii</span> <span class='ocrx_word' id='word_1_45' title='bbox 578 767 710 809; x_wconf 85' lang='lat' dir='ltr'>remis</span> <span class='ocrx_word' id='word_1_46' title='bbox 733 765 841 810; x_wconf 75' lang='lat' dir='ltr'>freta</span> <span class='ocrx_word' id='word_1_47' title='bbox 857 779 997 815; x_wconf 76' lang='lat' dir='ltr'>caeca3</span> <span class='ocrx_word' id='word_1_48' title='bbox 1028 769 1250 820; x_wconf 83' lang='lat' dir='ltr'>ruuntque</span> 
     </span>
    </p>

    <p class='ocr_par' dir='ltr' id='par_1_4' title="bbox 220 834 1385 956">
     <span class='ocr_line' id='line_1_8' title="bbox 223 834 1385 890; baseline 0.003 -16"><span class='ocrx_word' id='word_1_49' title='bbox 223 837 277 875; x_wconf 90' lang='lat' dir='ltr'>In</span> <span class='ocrx_word' id='word_1_50' title='bbox 301 834 467 877; x_wconf 72' lang='lat' dir='ltr'>ferrum</span> <span class='ocrx_word' id='word_1_51' title='bbox 490 853 500 884; x_wconf 91' lang='lat'>;</span> <span class='ocrx_word' id='word_1_52' title='bbox 531 838 771 890; x_wconf 77' lang='lat' dir='ltr'>penetrant</span> <span class='ocrx_word' id='word_1_53' title='bbox 801 839 921 878; x_wconf 87' lang='lat' dir='ltr'>aulas</span> <span class='ocrx_word' id='word_1_54' title='bbox 950 841 993 878; x_wconf 88' lang='lat' dir='ltr'>et</span> <span class='ocrx_word' id='word_1_55' title='bbox 1020 836 1173 879; x_wconf 85' lang='lat' dir='ltr'>limina</span> <span class='ocrx_word' id='word_1_56' title='bbox 1201 849 1385 890; x_wconf 54' lang='lat' dir='ltr'>reguum</span> 
     </span>
     <span class='ocr_line' id='line_1_9' title="bbox 220 901 1326 956; baseline 0.004 -14"><span class='ocrx_word' id='word_1_57' title='bbox 220 901 302 942; x_wconf 80' lang='lat' dir='ltr'>Hic</span> <span class='ocrx_word' id='word_1_58' title='bbox 315 904 425 955; x_wconf 82' lang='lat' dir='ltr'>petit</span> <span class='ocrx_word' id='word_1_59' title='bbox 441 901 620 945; x_wconf 76' lang='lat' dir='ltr'>excidiis</span> <span class='ocrx_word' id='word_1_60' title='bbox 638 903 795 945; x_wconf 75' lang='lat' dir='ltr'>urbem</span> <span class='ocrx_word' id='word_1_61' title='bbox 814 904 1085 956; x_wconf 78' lang='lat' dir='ltr'>miserosque</span> <span class='ocrx_word' id='word_1_62' title='bbox 1115 907 1300 947; x_wconf 87' lang='lat' dir='ltr'>Penates</span> <span class='ocrx_word' id='word_1_63' title='bbox 1317 935 1326 951; x_wconf 86' lang='lat'><strong>‚</strong></span> 
     </span>
    </p>

    <p class='ocr_par' dir='ltr' id='par_1_5' title="bbox 219 971 1290 1096">
     <span class='ocr_line' id='line_1_10' title="bbox 219 971 1271 1023; baseline 0.004 -13"><span class='ocrx_word' id='word_1_64' title='bbox 219 972 278 1011; x_wconf 89' lang='lat' dir='ltr'>Ut</span> <span class='ocrx_word' id='word_1_65' title='bbox 292 982 469 1023; x_wconf 80' lang='lat' dir='ltr'>gemma</span> <span class='ocrx_word' id='word_1_66' title='bbox 485 972 626 1019; x_wconf 85' lang='lat' dir='ltr'>hibat,</span> <span class='ocrx_word' id='word_1_67' title='bbox 652 976 694 1013; x_wconf 86' lang='lat' dir='ltr'>et</span> <span class='ocrx_word' id='word_1_68' title='bbox 712 975 903 1014; x_wconf 79' lang='lat' dir='ltr'>Sarrano</span> <span class='ocrx_word' id='word_1_69' title='bbox 918 971 1108 1013; x_wconf 76' lang='lat' dir='ltr'>dormiat</span> <span class='ocrx_word' id='word_1_70' title='bbox 1122 977 1243 1014; x_wconf 83' lang='lat' dir='ltr'>ostro</span> <span class='ocrx_word' id='word_1_71' title='bbox 1261 989 1271 1020; x_wconf 91' lang='lat'>;</span> 
     </span>
     <span class='ocr_line' id='line_1_11' title="bbox 224 1040 1290 1096; baseline 0.004 -16"><span class='ocrx_word' id='word_1_72' title='bbox 224 1040 386 1083; x_wconf 82' lang='lat' dir='ltr'>Condit</span> <span class='ocrx_word' id='word_1_73' title='bbox 401 1051 507 1096; x_wconf 85' lang='lat' dir='ltr'>opes</span> <span class='ocrx_word' id='word_1_74' title='bbox 523 1041 636 1083; x_wconf 86' lang='lat' dir='ltr'>alius</span> <span class='ocrx_word' id='word_1_75' title='bbox 653 1072 662 1088; x_wconf 87' lang='lat'><strong>‚</strong></span> <span class='ocrx_word' id='word_1_76' title='bbox 687 1040 950 1094; x_wconf 77' lang='lat' dir='ltr'>defossoque</span> <span class='ocrx_word' id='word_1_77' title='bbox 970 1042 1150 1084; x_wconf 82' lang='lat' dir='ltr'>incubat</span> <span class='ocrx_word' id='word_1_78' title='bbox 1166 1054 1290 1084; x_wconf 81' lang='lat' dir='ltr'>auro.</span> 
     </span>
    </p>

    <p class='ocr_par' dir='ltr' id='par_1_6' title="bbox 219 1110 1454 1370">
     <span class='ocr_line' id='line_1_12' title="bbox 219 1110 1454 1165; baseline 0.002 -14"><span class='ocrx_word' id='word_1_79' title='bbox 219 1110 303 1151; x_wconf 84' lang='lat' dir='ltr'>Hic</span> <span class='ocrx_word' id='word_1_80' title='bbox 319 1114 467 1165; x_wconf 82' lang='lat' dir='ltr'>stupet</span> <span class='ocrx_word' id='word_1_81' title='bbox 486 1110 712 1155; x_wconf 86' lang='lat' dir='ltr'>adtonitus</span> <span class='ocrx_word' id='word_1_82' title='bbox 728 1113 904 1155; x_wconf 75' lang='lat' dir='ltr'>rostris:</span> <span class='ocrx_word' id='word_1_83' title='bbox 925 1111 1046 1154; x_wconf 88' lang='lat' dir='ltr'>hunc</span> <span class='ocrx_word' id='word_1_84' title='bbox 1064 1112 1240 1164; x_wconf 76' lang='lat' dir='ltr'><strong>plausus</strong></span> <span class='ocrx_word' id='word_1_85' title='bbox 1255 1113 1454 1155; x_wconf 76' lang='lat' dir='ltr'>hiantem</span> 
     </span>
     <span class='ocr_line' id='line_1_13' title="bbox 221 1181 1427 1236; baseline 0.005 -17"><span class='ocrx_word' id='word_1_86' title='bbox 221 1182 309 1222; x_wconf 86' lang='lat' dir='ltr'>Per</span> <span class='ocrx_word' id='word_1_87' title='bbox 330 1191 495 1222; x_wconf 89' lang='lat' dir='ltr'>cuneos</span> <span class='ocrx_word' id='word_1_88' title='bbox 510 1182 759 1233; x_wconf 80' lang='lat' dir='ltr'>geminatus</span> <span class='ocrx_word' id='word_1_89' title='bbox 779 1182 899 1224; x_wconf 89' lang='lat' dir='ltr'>enim</span> <span class='ocrx_word' id='word_1_90' title='bbox 919 1181 1143 1235; x_wconf 78' lang='lat' dir='ltr'>plebisque</span> <span class='ocrx_word' id='word_1_91' title='bbox 1163 1186 1427 1236; x_wconf 79' lang='lat' dir='ltr'>patrumque</span> 
     </span>
     <span class='ocr_line' id='line_1_14' title="bbox 221 1249 1352 1304; baseline 0.004 -15"><span class='ocrx_word' id='word_1_92' title='bbox 221 1249 466 1304; x_wconf 75' lang='lat' dir='ltr'>Corripuit.</span> <span class='ocrx_word' id='word_1_93' title='bbox 488 1249 695 1292; x_wconf 79' lang='lat' dir='ltr'>Gaudent</span> <span class='ocrx_word' id='word_1_94' title='bbox 714 1249 879 1304; x_wconf 80' lang='lat' dir='ltr'>perfusi</span> <span class='ocrx_word' id='word_1_95' title='bbox 902 1251 1118 1302; x_wconf 77' lang='lat' dir='ltr'>sanguine</span> <span class='ocrx_word' id='word_1_96' title='bbox 1137 1249 1325 1293; x_wconf 73' lang='lat' dir='ltr'>fratrum</span> <span class='ocrx_word' id='word_1_97' title='bbox 1343 1281 1352 1299; x_wconf 83' lang='lat'><em>,</em></span> 
     </span>
     <span class='ocr_line' id='line_1_15' title="bbox 223 1317 1254 1370; baseline 0.003 -13"><span class='ocrx_word' id='word_1_98' title='bbox 223 1317 471 1370; x_wconf 79' lang='lat' dir='ltr'>Exsilioque</span> <span class='ocrx_word' id='word_1_99' title='bbox 488 1317 646 1360; x_wconf 85' lang='lat' dir='ltr'>domos</span> <span class='ocrx_word' id='word_1_100' title='bbox 661 1320 705 1361; x_wconf 91' lang='lat' dir='ltr'>et</span> <span class='ocrx_word' id='word_1_101' title='bbox 722 1319 869 1361; x_wconf 88' lang='lat' dir='ltr'>dulcia</span> <span class='ocrx_word' id='word_1_102' title='bbox 893 1319 1045 1361; x_wconf 84' lang='lat' dir='ltr'>limina</span> <span class='ocrx_word' id='word_1_103' title='bbox 1062 1322 1254 1366; x_wconf 85' lang='lat' dir='ltr'>mutant,</span> 
     </span>
    </p>

    <p class='ocr_par' dir='ltr' id='par_1_7' title="bbox 222 1386 1366 1507">
     <span class='ocr_line' id='line_1_16' title="bbox 222 1386 1366 1442; baseline 0.003 -17"><span class='ocrx_word' id='word_1_104' title='bbox 222 1388 369 1439; x_wconf 83' lang='lat' dir='ltr'>Atque</span> <span class='ocrx_word' id='word_1_105' title='bbox 397 1387 484 1428; x_wconf 84' lang='lat' dir='ltr'>alio</span> <span class='ocrx_word' id='word_1_106' title='bbox 502 1386 686 1440; x_wconf 83' lang='lat' dir='ltr'>patriam</span> <span class='ocrx_word' id='word_1_107' title='bbox 706 1390 913 1442; x_wconf 63' lang='lat' dir='ltr'>quaerunt</span> <span class='ocrx_word' id='word_1_108' title='bbox 927 1389 1006 1430; x_wconf 73' lang='lat' dir='ltr'>sul)</span> <span class='ocrx_word' id='word_1_109' title='bbox 1026 1388 1366 1440; x_wconf 83' lang='lat' dir='ltr'>solejacentem.</span> 
     </span>
     <span class='ocr_line' id='line_1_17' title="bbox 222 1456 1209 1507; baseline 0.003 -12"><span class='ocrx_word' id='word_1_110' title='bbox 222 1456 428 1507; x_wconf 73' lang='lat' dir='ltr'>Agricola</span> <span class='ocrx_word' id='word_1_111' title='bbox 444 1457 629 1499; x_wconf 80' lang='lat' dir='ltr'>incurvo</span> <span class='ocrx_word' id='word_1_112' title='bbox 652 1459 816 1499; x_wconf 82' lang='lat' dir='ltr'>terram</span> <span class='ocrx_word' id='word_1_113' title='bbox 835 1456 1019 1498; x_wconf 81' lang='lat' dir='ltr'>dimovit</span> <span class='ocrx_word' id='word_1_114' title='bbox 1034 1459 1181 1500; x_wconf 79' lang='lat' dir='ltr'>aratro</span> <span class='ocrx_word' id='word_1_115' title='bbox 1200 1474 1209 1498; x_wconf 90' lang='lat'>:</span> 
     </span>
    </p>

    <p class='ocr_par' dir='ltr' id='par_1_8' title="bbox 223 1525 1477 1721">
     <span class='ocr_line' id='line_1_18' title="bbox 223 1525 1439 1581; baseline 0.003 -17"><span class='ocrx_word' id='word_1_116' title='bbox 223 1525 341 1568; x_wconf 83' lang='lat' dir='ltr'>Hinc</span> <span class='ocrx_word' id='word_1_117' title='bbox 361 1525 465 1567; x_wconf 88' lang='lat' dir='ltr'>anni</span> <span class='ocrx_word' id='word_1_118' title='bbox 486 1526 613 1568; x_wconf 75' lang='lat' dir='ltr'>labor</span> <span class='ocrx_word' id='word_1_119' title='bbox 630 1541 640 1573; x_wconf 72' lang='grc' dir='ltr'><strong>ς</strong></span> <span class='ocrx_word' id='word_1_120' title='bbox 660 1526 763 1568; x_wconf 83' lang='lat' dir='ltr'>hinc</span> <span class='ocrx_word' id='word_1_121' title='bbox 782 1527 969 1581; x_wconf 78' lang='lat' dir='ltr'>patriam</span> <span class='ocrx_word' id='word_1_122' title='bbox 990 1538 1235 1581; x_wconf 80' lang='lat' dir='ltr'>parvosque</span> <span class='ocrx_word' id='word_1_123' title='bbox 1256 1528 1439 1579; x_wconf 80' lang='lat' dir='ltr'>nepotes</span> 
     </span>
     <span class='ocr_line' id='line_1_19' title="bbox 224 1594 1477 1649; baseline 0.002 -15"><span class='ocrx_word' id='word_1_124' title='bbox 224 1594 418 1636; x_wconf 78' lang='lat' dir='ltr'>Sustinet</span> <span class='ocrx_word' id='word_1_125' title='bbox 436 1611 447 1642; x_wconf 88' lang='lat'>;</span> <span class='ocrx_word' id='word_1_126' title='bbox 464 1594 569 1637; x_wconf 83' lang='lat' dir='ltr'>hinc</span> <span class='ocrx_word' id='word_1_127' title='bbox 584 1599 783 1638; x_wconf 81' lang='lat' dir='ltr'>armenta</span> <span class='ocrx_word' id='word_1_128' title='bbox 800 1595 936 1637; x_wconf 84' lang='lat' dir='ltr'>boum</span> <span class='ocrx_word' id='word_1_129' title='bbox 951 1597 1222 1649; x_wconf 85' lang='lat' dir='ltr'>meritosque</span> <span class='ocrx_word' id='word_1_130' title='bbox 1233 1597 1448 1646; x_wconf 87' lang='lat' dir='ltr'>juvencos</span> <span class='ocrx_word' id='word_1_131' title='bbox 1463 1609 1477 1632; x_wconf 66' lang='grc' dir='ltr'>ι</span> 
     </span>
     <span class='ocr_line' id='line_1_20' title="bbox 223 1666 1308 1721; baseline 0.004 -16"><span class='ocrx_word' id='word_1_132' title='bbox 223 1668 312 1707; x_wconf 77' lang='lat' dir='ltr'>Nec</span> <span class='ocrx_word' id='word_1_133' title='bbox 330 1666 505 1718; x_wconf 77' lang='lat' dir='ltr'>requies</span> <span class='ocrx_word' id='word_1_134' title='bbox 532 1666 641 1721; x_wconf 83' lang='lat' dir='ltr'>quin</span> <span class='ocrx_word' id='word_1_135' title='bbox 665 1669 739 1708; x_wconf 88' lang='lat' dir='ltr'>aut</span> <span class='ocrx_word' id='word_1_136' title='bbox 752 1667 898 1720; x_wconf 80' lang='lat' dir='ltr'>pomis</span> <span class='ocrx_word' id='word_1_137' title='bbox 917 1667 1126 1710; x_wconf 76' lang='lat' dir='ltr'>exuberet</span> <span class='ocrx_word' id='word_1_138' title='bbox 1139 1678 1281 1709; x_wconf 84' lang='lat' dir='ltr'>annus</span> <span class='ocrx_word' id='word_1_139' title='bbox 1299 1697 1308 1715; x_wconf 86' lang='lat'>,</span> 
     </span>
    </p>

    <p class='ocr_par' dir='ltr' id='par_1_9' title="bbox 224 1732 1413 1991">
     <span class='ocr_line' id='line_1_21' title="bbox 224 1732 1374 1788; baseline 0.001 -15"><span class='ocrx_word' id='word_1_140' title='bbox 224 1736 316 1774; x_wconf 83' lang='lat' dir='ltr'>Aut</span> <span class='ocrx_word' id='word_1_141' title='bbox 345 1732 440 1776; x_wconf 72' lang='lat' dir='ltr'>selu</span> <span class='ocrx_word' id='word_1_142' title='bbox 460 1746 697 1788; x_wconf 84' lang='lat' dir='ltr'>pecorum,</span> <span class='ocrx_word' id='word_1_143' title='bbox 722 1740 798 1776; x_wconf 89' lang='lat' dir='ltr'>aut</span> <span class='ocrx_word' id='word_1_144' title='bbox 813 1736 1004 1777; x_wconf 86' lang='lat' dir='ltr'>Cerealis</span> <span class='ocrx_word' id='word_1_145' title='bbox 1021 1736 1204 1788; x_wconf 67' lang='lat' dir='ltr'>mergite</span> <span class='ocrx_word' id='word_1_146' title='bbox 1218 1735 1374 1783; x_wconf 81' lang='lat' dir='ltr'>culmi;</span> 
     </span>
     <span class='ocr_line' id='line_1_22' title="bbox 224 1804 1413 1858; baseline 0.003 -16"><span class='ocrx_word' id='word_1_147' title='bbox 224 1804 544 1856; x_wconf 82' lang='lat' dir='ltr'>Proventuque</span> <span class='ocrx_word' id='word_1_148' title='bbox 557 1807 715 1847; x_wconf 74' lang='lat' dir='ltr'>oneret</span> <span class='ocrx_word' id='word_1_149' title='bbox 730 1806 875 1847; x_wconf 86' lang='lat' dir='ltr'>sulcos</span> <span class='ocrx_word' id='word_1_150' title='bbox 894 1837 902 1852; x_wconf 88' lang='lat'><em>,</em></span> <span class='ocrx_word' id='word_1_151' title='bbox 927 1809 1057 1858; x_wconf 80' lang='lat' dir='ltr'>atque</span> <span class='ocrx_word' id='word_1_152' title='bbox 1072 1805 1231 1847; x_wconf 80' lang='lat' dir='ltr'>horrea</span> <span class='ocrx_word' id='word_1_153' title='bbox 1247 1806 1413 1847; x_wconf 82' lang='lat' dir='ltr'>vincat.</span> 
     </span>
     <span class='ocr_line' id='line_1_23' title="bbox 224 1871 1302 1927; baseline 0 -13"><span class='ocrx_word' id='word_1_154' title='bbox 224 1871 507 1916; x_wconf 58' lang='lat' dir='ltr'>venithiems</span> <span class='ocrx_word' id='word_1_155' title='bbox 527 1890 536 1913; x_wconf 77' lang='grc' dir='ltr'>ε</span> <span class='ocrx_word' id='word_1_156' title='bbox 554 1873 707 1917; x_wconf 77' lang='lat' dir='ltr'>teritur</span> <span class='ocrx_word' id='word_1_157' title='bbox 730 1874 935 1927; x_wconf 82' lang='lat' dir='ltr'>Sicyonia</span> <span class='ocrx_word' id='word_1_158' title='bbox 949 1875 1082 1916; x_wconf 84' lang='lat' dir='ltr'>bacca</span> <span class='ocrx_word' id='word_1_159' title='bbox 1099 1874 1275 1927; x_wconf 76' lang='lat' dir='ltr'>trapetis</span> <span class='ocrx_word' id='word_1_160' title='bbox 1290 1889 1302 1921; x_wconf 88' lang='grc'><strong>;</strong></span> 
     </span>
     <span class='ocr_line' id='line_1_24' title="bbox 226 1941 1342 1991; baseline 0.002 -9"><span class='ocrx_word' id='word_1_161' title='bbox 226 1941 398 1984; x_wconf 78' lang='lat' dir='ltr'>Glande</span> <span class='ocrx_word' id='word_1_162' title='bbox 414 1955 514 1985; x_wconf 89' lang='lat' dir='ltr'>sues</span> <span class='ocrx_word' id='word_1_163' title='bbox 540 1944 628 1985; x_wconf 82' lang='lat' dir='ltr'>lacti</span> <span class='ocrx_word' id='word_1_164' title='bbox 648 1942 840 1986; x_wconf 83' lang='lat' dir='ltr'>redeunt</span> <span class='ocrx_word' id='word_1_165' title='bbox 857 1959 867 1991; x_wconf 82' lang='lat'><em>3</em></span> <span class='ocrx_word' id='word_1_166' title='bbox 895 1943 1004 1985; x_wconf 84' lang='lat' dir='ltr'>dant</span> <span class='ocrx_word' id='word_1_167' title='bbox 1023 1943 1179 1984; x_wconf 82' lang='lat' dir='ltr'>arbuta</span> <span class='ocrx_word' id='word_1_168' title='bbox 1193 1944 1313 1985; x_wconf 80' lang='lat' dir='ltr'>silvae</span> <span class='ocrx_word' id='word_1_169' title='bbox 1332 1959 1342 1990; x_wconf 85' lang='lat'><strong>;</strong></span> 
     </span>
    </p>

    <p class='ocr_par' dir='ltr' id='par_1_10' title="bbox 224 2013 1169 2067">
     <span class='ocr_line' id='line_1_25' title="bbox 224 2013 1169 2067; baseline 0.004 -17"><span class='ocrx_word' id='word_1_170' title='bbox 224 2013 279 2051; x_wconf 88' lang='lat' dir='ltr'>Et</span> <span class='ocrx_word' id='word_1_171' title='bbox 306 2013 450 2055; x_wconf 80' lang='lat' dir='ltr'>varios</span> <span class='ocrx_word' id='word_1_172' title='bbox 471 2014 601 2067; x_wconf 85' lang='lat' dir='ltr'>ponit</span> <span class='ocrx_word' id='word_1_173' title='bbox 616 2013 728 2056; x_wconf 78' lang='lat' dir='ltr'>fctus</span> <span class='ocrx_word' id='word_1_174' title='bbox 743 2017 982 2055; x_wconf 85' lang='lat' dir='ltr'>autumnus</span> <span class='ocrx_word' id='word_1_175' title='bbox 999 2028 1009 2061; x_wconf 89' lang='lat'><strong>;</strong></span> <span class='ocrx_word' id='word_1_176' title='bbox 1026 2014 1070 2056; x_wconf 87' lang='lat' dir='ltr'>et</span> <span class='ocrx_word' id='word_1_177' title='bbox 1084 2013 1169 2055; x_wconf 87' lang='lat' dir='ltr'>alte</span> 
     </span>
    </p>

    <p class='ocr_par' dir='ltr' id='par_1_11' title="bbox 223 2080 1187 2136">
     <span class='ocr_line' id='line_1_26' title="bbox 223 2080 1187 2136; baseline 0.004 -17"><span class='ocrx_word' id='word_1_178' title='bbox 223 2080 342 2121; x_wconf 85' lang='lat' dir='ltr'>Mitis</span> <span class='ocrx_word' id='word_1_179' title='bbox 360 2081 404 2122; x_wconf 88' lang='lat' dir='ltr'>in</span> <span class='ocrx_word' id='word_1_180' title='bbox 420 2083 581 2136; x_wconf 77' lang='lat' dir='ltr'>apricis</span> <span class='ocrx_word' id='word_1_181' title='bbox 600 2083 807 2136; x_wconf 76' lang='lat' dir='ltr'>coquitur</span> <span class='ocrx_word' id='word_1_182' title='bbox 826 2082 1049 2125; x_wconf 81' lang='lat' dir='ltr'>vindemia</span> <span class='ocrx_word' id='word_1_183' title='bbox 1064 2082 1187 2124; x_wconf 63' lang='lat' dir='ltr'>saxis.</span> 
     </span>
    </p>

    <p class='ocr_par' dir='ltr' id='par_1_12' title="bbox 221 2151 1270 2207">
     <span class='ocr_line' id='line_1_27' title="bbox 221 2151 1270 2207; baseline 0.003 -17"><span class='ocrx_word' id='word_1_184' title='bbox 221 2153 398 2193; x_wconf 73' lang='lat' dir='ltr'>Interea</span> <span class='ocrx_word' id='word_1_185' title='bbox 417 2151 565 2194; x_wconf 85' lang='lat' dir='ltr'>dulces</span> <span class='ocrx_word' id='word_1_186' title='bbox 583 2153 780 2207; x_wconf 84' lang='lat' dir='ltr'>pendent</span> <span class='ocrx_word' id='word_1_187' title='bbox 794 2153 960 2196; x_wconf 81' lang='lat' dir='ltr'>circum</span> <span class='ocrx_word' id='word_1_188' title='bbox 987 2153 1140 2194; x_wconf 85' lang='lat' dir='ltr'>oscula</span> <span class='ocrx_word' id='word_1_189' title='bbox 1159 2153 1270 2197; x_wconf 73' lang='lat' dir='ltr'>nati:</span> 
     </span>
    </p>

    <p class='ocr_par' dir='ltr' id='par_1_13' title="bbox 225 2219 1359 2405">
     <span class='ocr_line' id='line_1_28' title="bbox 225 2219 1314 2273; baseline 0.004 -14"><span class='ocrx_word' id='word_1_190' title='bbox 225 2222 352 2261; x_wconf 84' lang='lat' dir='ltr'>Casta</span> <span class='ocrx_word' id='word_1_191' title='bbox 370 2219 625 2273; x_wconf 67' lang='lat' dir='ltr'>pudiciiiarn</span> <span class='ocrx_word' id='word_1_192' title='bbox 651 2225 799 2265; x_wconf 84' lang='lat' dir='ltr'>servat</span> <span class='ocrx_word' id='word_1_193' title='bbox 819 2223 975 2264; x_wconf 86' lang='lat' dir='ltr'>domus</span> <span class='ocrx_word' id='word_1_194' title='bbox 993 2238 1003 2270; x_wconf 90' lang='lat'>;</span> <span class='ocrx_word' id='word_1_195' title='bbox 1022 2221 1157 2264; x_wconf 78' lang='lat' dir='ltr'>ubera</span> <span class='ocrx_word' id='word_1_196' title='bbox 1171 2231 1314 2264; x_wconf 67' lang='lat' dir='ltr'>vacem</span> 
     </span>
     <span class='ocr_line' id='line_1_29' title="bbox 228 2290 1359 2347; baseline 0.004 -17"><span class='ocrx_word' id='word_1_197' title='bbox 228 2292 384 2333; x_wconf 75' lang='lat' dir='ltr'>Laclea</span> <span class='ocrx_word' id='word_1_198' title='bbox 403 2290 641 2336; x_wconf 78' lang='lat' dir='ltr'>demittunt</span> <span class='ocrx_word' id='word_1_199' title='bbox 657 2311 668 2342; x_wconf 87' lang='lat'><strong>;</strong></span> <span class='ocrx_word' id='word_1_200' title='bbox 686 2295 960 2347; x_wconf 80' lang='lat' dir='ltr'>pinguesque</span> <span class='ocrx_word' id='word_1_201' title='bbox 979 2293 1024 2334; x_wconf 90' lang='lat' dir='ltr'>in</span> <span class='ocrx_word' id='word_1_202' title='bbox 1040 2292 1239 2345; x_wconf 80' lang='lat' dir='ltr'>gramine</span> <span class='ocrx_word' id='word_1_203' title='bbox 1256 2293 1359 2334; x_wconf 75' lang='lat' dir='ltr'>laelo</span> 
     </span>
     <span class='ocr_line' id='line_1_30' title="bbox 225 2362 1225 2405; baseline 0.002 -7"><span class='ocrx_word' id='word_1_204' title='bbox 225 2362 343 2402; x_wconf 71' lang='lat' dir='ltr'>lutei·</span> <span class='ocrx_word' id='word_1_205' title='bbox 364 2374 409 2404; x_wconf 85' lang='lat' dir='ltr'>se</span> <span class='ocrx_word' id='word_1_206' title='bbox 426 2362 615 2405; x_wconf 77' lang='lat' dir='ltr'>adversis</span> <span class='ocrx_word' id='word_1_207' title='bbox 632 2364 854 2405; x_wconf 78' lang='lat' dir='ltr'>luctantur</span> <span class='ocrx_word' id='word_1_208' title='bbox 869 2362 1075 2405; x_wconf 72' lang='lat' dir='ltr'>cornibus</span> <span class='ocrx_word' id='word_1_209' title='bbox 1092 2362 1225 2403; x_wconf 61' lang='lat' dir='ltr'>haedi.</span> 
     </span>
    </p>

    <p class='ocr_par' dir='ltr' id='par_1_14' title="bbox 234 2430 1318 2486">
     <span class='ocr_line' id='line_1_31' title="bbox 234 2430 1318 2486; baseline 0.007 -17"><span class='ocrx_word' id='word_1_210' title='bbox 234 2432 326 2482; x_wconf 59' lang='lat' dir='ltr'>ipsc</span> <span class='ocrx_word' id='word_1_211' title='bbox 353 2430 441 2474; x_wconf 85' lang='lat' dir='ltr'>dics</span> <span class='ocrx_word' id='word_1_212' title='bbox 462 2432 595 2483; x_wconf 72' lang='lat' dir='ltr'>agitat</span> <span class='ocrx_word' id='word_1_213' title='bbox 617 2432 771 2480; x_wconf 72' lang='lat' dir='ltr'>l&#39;estos3</span> <span class='ocrx_word' id='word_1_214' title='bbox 792 2432 996 2486; x_wconf 79' lang='lat' dir='ltr'>lususque</span> <span class='ocrx_word' id='word_1_215' title='bbox 1018 2444 1096 2486; x_wconf 75' lang='lat' dir='ltr'>per</span> <span class='ocrx_word' id='word_1_216' title='bbox 1116 2431 1318 2477; x_wconf 76' lang='lat' dir='ltr'>herba-¹11.</span> 
     </span>
    </p>
   </div>
  </div>
 </body>
</html>
