1917 2942
253 327 328 366 ⁴90„
779 295 1040 367 {mammos
1519 330 1566 368 105

250 414 363 453 Nam
379 412 630 464 Polydorus
647 423 748 464 ego.
771 412 853 453 Hic
872 412 1094 453 confixum
1110 412 1251 456 ferrea
1271 415 1375 457 texit

254 483 463 523 Telorum
483 492 630 533 segeS,
653 485 698 524 et
707 480 867 533 jaculis
885 481 1078 523 increvit
1099 482 1280 533 acutis.»

301 554 416 592 Tum
436 562 541 593 vero
564 551 745 605 ancipiti
764 555 961 593 mentem
982 549 1217 592 tormidine
1234 562 1408 605 pressus

253 622 495 676 Obstupui,
520 623 827 675 steteruntque
848 632 1009 666 comae,
1032 625 1076 664 et
1096 633 1179 664 vox
1197 621 1396 664 faucibus
1415 623 1556 664 haesit.

245 694 379 733 Hunc
401 690 676 743 Polydorum
697 692 795 733 auri
818 690 1044 744 quondam
1061 702 1165 732 cum
1189 691 1386 745 pondere
1400 703 1567 746 magno

246 758 404 802 Infelix
425 760 626 802 Priamus
649 759 800 800 furtim
818 759 1052 801 mandarat
1068 760 1277 802 alendum

248 828 453 872 Threicio
472 830 565 882 regi
583 861 591 877 ,
615 840 757 881 quum
770 831 863 880 jam
878 828 1098 872 diffideret
1120 832 1252 872 armis

243 898 503 944 Dardaniae,
526 898 733 952 cingique
749 899 904 940 urbem
921 898 1152 942 obsidione
1166 901 1354 944 videret.

244 968 347 1015 Ille,
372 971 422 1009 ut
441 978 547 1020 opes
569 965 717 1009 fractas
737 968 956 1009 Teucrum
975 1000 983 1017 ,
1003 971 1048 1010 et
1068 971 1265 1011 Fortuna
1284 970 1485 1016 recessit,

243 1039 326 1078 Res
345 1038 715 1090 Agamemnonias
732 1036 1021 1092 victriciaque
1039 1049 1160 1080 arma
1178 1042 1351 1081 secutus
1368 1072 1376 1088 ,

242 1110 324 1149 Fas
341 1118 474 1149 omne
491 1108 738 1162 abrumpi-m
762 1108 1041 1160 Polydorum
1061 1108 1294 1153 obtruncat
1312 1141 1323 1160 ,
1340 1112 1385 1151 et
1405 1121 1516 1152 auro

251 1179 299 1218 vi
319 1178 507 1231 potitur.
525 1176 641 1227 Quid
661 1189 755 1219 non
774 1178 975 1219 mortalia
994 1181 1176 1231 pectora
1196 1178 1338 1231 cogis,

246 1248 356 1289 Auri
374 1259 500 1290 sacra
515 1247 649 1291 fames
664 1249 683 1288 ‚⁹
697 1250 946 1302 ‘Postquam
963 1259 1103 1302 pavor
1118 1260 1216 1291 ossa
1237 1250 1415 1302 reliquit
1433 1281 1443 1297 ,

254 1316 459 1358 Delectos
484 1316 639 1369 populi
665 1316 720 1357 ad
739 1327 950 1370 proceres
970 1347 979 1362 .
1000 1316 1284 1371 primumque
1304 1321 1532 1371 parentem
1553 1348 1563 1364 ,

256 1388 454 1426 Monstra
471 1383 604 1427 deum
622 1385 766 1427 refero
787 1401 796 1433 3
816 1389 858 1428 et
876 1417 884 1433 ‚
906 1397 1003 1439 quae
1024 1386 1079 1427 sit
1099 1388 1322 1429 sententia
1341 1420 1350 1433 ,
1371 1398 1526 1441 posco.

249 1455 468 1495 Omnibus
489 1453 608 1496 idem
626 1455 799 1496 animus
819 1484 828 1500 ‚
851 1457 1066 1498 scelerata
1086 1455 1297 1498 excedere
1313 1459 1431 1498 terra
1448 1472 1457 1504 ς

245 1524 408 1577 Linqui
429 1523 649 1579 pollutum
667 1524 923 1578 hospitium,
948 1527 991 1567 et
1009 1525 1114 1567 dare
1135 1525 1346 1568 classibus
1368 1528 1566 1568 Austros„

247 1597 363 1646 Ergo
382 1593 678 1636 instauramus
695 1594 921 1647 Polydoro
941 1593 1074 1635 funus
1096 1627 1104 1643 ‚
1125 1599 1168 1637 et
1186 1595 1344 1648 ingens

248 1664 495 1718 Adgeritur
515 1666 688 1706 tumulo
707 1664 839 1706 tellus
859 1682 868 1704 :
891 1666 1010 1706 stant
1031 1664 1234 1706 Manibus
1250 1675 1339 1706 arae
1356 1695 1366 1713 ,

246 1734 455 1776 Caeruleis
471 1735 640 1776 moestae
659 1734 779 1776 vittis
796 1736 980 1788 atraque
1000 1744 1209 1787 cupresso
1224 1750 1234 1782 ;

245 1807 300 1845 Et
314 1804 484 1847 circum
499 1803 676 1850 Iliades,
702 1805 873 1847 crinem
893 1804 950 1845 de
970 1816 1095 1847 more
1111 1805 1286 1847 solutae.

250 1873 483 1917 [niet-imus
502 1874 653 1929 tepido
668 1875 921 1925 spumantia
945 1873 1117 1926 cymbia
1132 1874 1247 1917 lacte
1262 1905 1275 1921 ‚

251 1945 485 1999 Sanguinis
504 1948 548 1988 et
569 1946 681 1987 sacri
702 1948 900 1999 patera53
923 1944 1206 1998 animamque
1234 1944 1446 1998 sepulcro

245 2015 489 2058 condimus
505 2046 515 2064 ,
532 2018 578 2057 et
594 2025 757 2068 magna
772 2025 1028 2068 supremum
1048 2025 1159 2057 voce
1173 2015 1356 2057 ciemus.

299 2086 437 2135 Inde,
462 2086 537 2127 ubi
557 2086 700 2140 prima
719 2082 826 2128 fides
843 2085 1003 2139 pelago
1021 2116 1031 2133 ‚
1054 2085 1316 2139 placataque
1337 2085 1460 2127 venti

249 2157 366 2197 Dant
384 2158 549 2208 maria,
570 2158 615 2197 et
635 2155 735 2210 iene
761 2155 987 2210 crepitans
1002 2156 1133 2196 vocat
1155 2157 1319 2196 Auster
1336 2155 1383 2195 iu
1404 2155 1540 2196 altum
1556 2187 1566 2202 ,

249 2225 490 2269 Deducunt
514 2215 795 2274 socii'naves‚
823 2229 867 2267 et
885 2225 1018 2266 litora
1034 2223 1275 2278 complent.

252 2295 550 2339 Provehimur
569 2299 730 2351 portu:
756 2300 973 2349 terraeque
990 2294 1212 2348 urbesque
1230 2292 1462 2336 recedunt.

247 2367 378 2406 Sacra
398 2364 507 2405 mari
523 2364 689 2406 colitur
701 2364 849 2407 medio
869 2363 1115 2416 gratissima
1136 2363 1264 2405 tellus

251 2433 493 2477 Nereidum
517 2435 670 2486 matri,
691 2438 735 2477 et
756 2435 964 2487 Neptuno
982 2436 1128 2486 AEgfeo
1153 2450 1163 2472 ;
