1917 2942
329 312 406 351 5⁴0
898 315 1055 354 CIRIS.
1549 320 1629 358 500

310 400 427 440 Ecce
446 403 654 450 repente,
679 397 797 441 velut
815 401 980 451 patrios
1000 400 1196 442 imitatus
1213 402 1429 449 honores.

315 470 594 522 Purpuream
610 470 834 509 concussit
849 480 958 522 apex
973 469 1019 509 in
1035 471 1199 512 vertice
1219 473 1414 513 cristam.

311 541 370 578 At
393 537 540 579 mollis
555 537 700 579 varios
715 538 918 580 intexens
938 540 1090 594 pluma
1107 541 1278 583 colores

310 609 610 649 Marmoreum
629 607 806 649 volucri
823 608 1001 649 vestivit
1023 611 1216 661 tegmine
1233 620 1418 661 corpus.

310 680 536 730 Lentaque
556 680 791 730 perpetuas
814 677 1025 721 fuderunt
1043 680 1226 721 brachia
1245 693 1429 734 pennas.

306 747 419 790 Inde
437 748 545 789 alias
566 750 711 801 partes
729 778 738 793 .
760 747 985 800 minioque
1004 747 1168 790 infecta
1190 748 1367 792 rubenti

307 821 471 863 Crura,
489 828 606 860 nova
623 818 784 860 macies
802 817 986 859 obduxit
1005 818 1207 871 squalida
1223 820 1353 872 pelli,

309 889 367 927 Et
386 887 567 940 pedibus
587 887 753 930 teneris
770 899 944 940 ungues
964 887 1147 929 confixit
1164 892 1333 930 acutos.

310 958 365 996 Et
386 959 536 999 tamen
554 957 641 999 hoc
658 957 838 999 demum
860 959 1031 999 miserae
1052 969 1314 1001 succurrere
1336 962 1468 1012 pacto

308 1026 387 1065 Vix
407 1026 552 1068 suerat
570 1025 744 1080 placida
762 1027 957 1079 Neptuni
979 1029 1170 1078 conjuge
1192 1027 1393 1078 dignum.

309 1096 545 1149 Nunquam
565 1096 683 1137 illam
701 1096 887 1150 posthac
905 1096 1021 1139 oculi
1042 1096 1191 1138 videre
1213 1109 1395 1139 suorum

308 1167 564 1219 Purpureas
586 1164 699 1208 ssavo
719 1166 986 1208 retinentem
1009 1166 1175 1209 vertice
1194 1167 1349 1215 vittas;

308 1238 406 1277 Non
430 1236 646 1277 thalamus
666 1237 800 1287 Tyrio
819 1237 1018 1289 fragrans
1040 1236 1216 1290 adcepit
1232 1248 1433 1282 amomo,

311 1306 454 1347 Nullae
473 1306 591 1348 illam
611 1306 752 1349 sedes.
776 1305 999 1357 Quidjam
1021 1318 1121 1348 cum
1147 1306 1326 1349 sedibus
1342 1307 1438 1350 illi?

310 1379 418 1426 Quae
439 1377 567 1418 simul
590 1379 640 1417 ut
656 1388 749 1419 sese
764 1387 877 1419 cano
898 1376 953 1418 cle
969 1377 1141 1429 gurgite
1159 1378 1288 1419 velox

309 1449 421 1488 Cum
441 1448 593 1489 sonitu
610 1447 664 1488 ad
681 1448 842 1489 coelum
858 1446 1148 1488 stridentibus
1168 1447 1328 1489 extulit
1352 1447 1455 1496 alis,

309 1520 366 1559 Et
385 1518 578 1559 multum
598 1517 687 1560 late
707 1517 911 1571 dispersit
931 1517 977 1556 iu
999 1527 1174 1569 {equore
1196 1527 1366 1565 rorem;

308 1585 464 1630 Infelix
481 1589 608 1640 virgo
629 1586 930 1640 nequidquam
952 1597 975 1626 a
992 1588 1135 1627 morte
1155 1589 1332 1639 recepta

305 1658 533 1698 Incultum
552 1656 658 1698 solis
680 1658 722 1696 in
740 1656 925 1709 rupibus
943 1657 1079 1709 exigit
1102 1667 1241 1697 aevum
1261 1689 1270 1703 ,

306 1727 528 1779 Rupibus,
546 1728 590 1768 et
606 1724 825 1778 scopulis,
849 1729 892 1765 et
909 1725 1110 1767 litoribus
1128 1726 1326 1768 desertis.

305 1798 398 1838 Nec
414 1798 560 1838 tamen
579 1795 665 1837 hoc
692 1796 851 1837 iterum
875 1806 1003 1848 poena
1021 1796 1115 1837 sine
1135 1811 1144 1836 z
1169 1807 1361 1849 namque
1377 1796 1506 1839 deum
1524 1808 1599 1840 rex
1617 1828 1625 1844 ,

307 1867 469 1909 Omnia
489 1867 564 1920 qui
587 1867 774 1921 imperio
795 1869 1013 1908 terrarum
1031 1866 1164 1908 millia
1180 1872 1324 1909 versat
1343 1898 1352 1913 ,

307 1940 569 1979 Commotus
589 1936 721 1979 talem
741 1937 796 1979 ad
810 1943 992 1991 superos
1013 1937 1200 1980 volitare
1224 1939 1420 1992 puellam
1442 1972 1450 1987 ,

306 2011 453 2058 Quum
476 2012 602 2060 pater
619 2008 859 2050 exstinctus
879 2018 994 2050 caeca
1014 2007 1093 2053 sub
1118 2012 1247 2051 nocte
1268 2010 1451 2057 lateret,

304 2077 376 2118 Illi
395 2089 476 2132 pro
493 2078 655 2132 pietate
672 2088 749 2119 sua
770 2078 893 2129 (nam
909 2088 1025 2129 saepe
1043 2079 1211 2132 tepenti

305 2149 527 2200 Sanguine
546 2150 781 2189 taurorum
796 2148 977 2201 supplex
994 2149 1265 2200 resperserat
1281 2160 1376 2190 aras
1391 2167 1401 2196 ;

305 2221 428 2270 Saepe
446 2217 578 2259 desim
597 2217 719 2271 largo
739 2218 970 2260 decorarat
991 2229 1177 2262 munere
1196 2218 1338 2271 sedes)

307 2288 516 2330 Reddidit
532 2290 731 2343 optatam
751 2291 924 2332 mutato
941 2300 1129 2345 corpore
1151 2291 1309 2337 vitam.

309 2361 433 2402 Fecit
447 2363 489 2402 et
505 2359 553 2401 in
570 2361 697 2402 terris
718 2360 959 2402 Haliaeetus
976 2359 1067 2402 ales
1081 2363 1131 2402 ut
1152 2361 1282 2405 esset.

310 2429 482 2484 Quippe
504 2430 660 2484 aquilis
680 2441 856 2486 semper
871 2430 1033 2484 gaudet
1050 2430 1157 2475 deus
1173 2432 1249 2474 ille
1268 2443 1491 2475 coruscus.
