1917 2942
397 309 467 347 *03
919 307 1195 347 AENEIDOS
1626 309 1703 349 223

394 400 452 435 At
468 394 624 436 subitae
645 393 858 437 horrifico
879 395 1002 447 lapsu
1020 393 1073 436 de
1089 395 1312 436 montibus
1331 394 1494 436 adsunt

390 463 613 518 Harpyiae,
633 466 677 503 et
692 465 864 515 magnis
880 464 1086 515 <manunt
1104 464 1385 516 clangoribus
1401 466 1504 513 alas,

390 531 703 584 Diripiuntque
725 530 873 587 dapes,
896 533 1196 584 contactuque
1216 533 1365 575 omnia
1382 531 1548 575 foedant

387 601 651 649 Immundo;
675 603 770 642 tum
787 612 871 643 vox
890 603 1052 643 tetrum
1073 601 1168 644 dira
1192 603 1308 644 inter
1325 602 1526 644 odorem.

388 674 578 712 Rursum
594 671 640 712 in
656 682 829 714 secessu
848 673 984 724 longo
999 671 1079 713 sub
1095 683 1205 726 rupe
1220 674 1389 716 cavataz

390 741 635 782 Arboribus
656 740 793 783 clausi
813 742 983 784 circum
1006 742 1138 793 atque
1163 740 1447 783 horrentibus
1468 743 1654 793 umbris,

386 811 645 851 Instruimus
661 820 849 858 mensas,
868 810 1041 863 arisque
1057 810 1312 863 reponimus
1327 810 1491 862 ignem.

386 883 580 921 Rursum
599 891 649 922 ex
669 879 844 923 diverso
865 881 962 923 coeli
981 880 1194 931 caecisque
1211 879 1388 922 latebris

385 950 529 991 Turba
550 960 714 992 sonans
730 950 926 1002 praedam
946 947 1137 1003 pedibus
1155 949 1446 991 circumvolat
1460 950 1609 995 uncisz

386 1020 552 1060 Polluit
572 1030 650 1060 ore
675 1018 825 1073 dapes.
847 1019 985 1061 Sociis
1008 1022 1129 1065 tunc,
1153 1030 1275 1060 arma
1292 1022 1535 1069 capessant,

384 1089 536 1141 Edico,
556 1093 599 1132 et
619 1088 714 1131 dira
735 1089 899 1131 bellum
921 1101 1023 1131 cum
1041 1089 1174 1140 gente
1192 1089 1453 1142 gerendum.

385 1160 516 1202 Haud
538 1171 666 1202 secus
681 1170 732 1202 ac
748 1161 858 1210 jussi
878 1159 1062 1206 faciunt,
1084 1162 1309 1211 tectosque
1334 1170 1415 1211 per
1437 1158 1627 1201 herbam,

383 1231 636 1284 Disponunt
652 1240 793 1277 enses,
818 1233 861 1271 et
877 1233 1005 1272 scuta
1030 1228 1210 1270 latentia
1227 1229 1445 1270 condunt.

380 1302 515 1352 Ergo,
536 1298 612 1340 ubi
632 1298 821 1352 delapsae
841 1299 1039 1341 sonitum
1058 1309 1135 1351 per
1153 1309 1291 1341 curva
1312 1298 1474 1340 dedere

382 1370 547 1417 Litora,
575 1369 650 1410 dat
669 1369 844 1421 signum
864 1371 1045 1423 specula
1060 1368 1258 1411 Misenus
1272 1369 1325 1410 ab
1341 1368 1428 1410 alta

380 1442 480 1480 AEre
505 1449 632 1480 cavo.
659 1438 1027 1487 Invaduntsocii,
1051 1440 1096 1480 et
1113 1450 1230 1481 nova
1252 1438 1408 1491 praelia
1429 1439 1617 1485 tentant,

380 1509 606 1550 obscenas
624 1507 769 1562 pelagi
790 1507 910 1551 ferro
932 1507 1098 1551 foedare
1118 1511 1335 1551 volucres.

376 1577 460 1619 Sed
478 1588 625 1630 neque
645 1576 735 1618 vim
758 1578 921 1632 plumis
942 1578 1094 1625 ullam,
1117 1588 1200 1620 nec
1218 1578 1405 1620 vulnera
1429 1579 1554 1630 tergo

376 1647 648 1701 Adcipiunt3
671 1647 897 1701 celerique
918 1647 1019 1699 fuga
1039 1647 1119 1689 sub
1139 1648 1281 1690 sidera
1304 1649 1434 1700 lapsae

373 1718 598 1757 semesam
614 1715 814 1770 praedam
834 1720 878 1758 et
893 1716 1083 1768 vestigia
1104 1716 1219 1758 l'oeda
1237 1717 1511 1770 relinquunt.

375 1788 471 1827 Una
490 1786 536 1826 in
553 1786 763 1840 praecelsa
781 1786 985 1829 consedit
1001 1797 1112 1839 rupe
1133 1787 1324 1835 Celaeno,

372 1854 530 1898 Infelix
550 1858 686 1906 vates,
706 1856 962 1911 rumpitque
982 1857 1100 1899 lianc
1117 1859 1301 1909 pectore
1320 1868 1478 1899 vocem
1500 1873 1509 1896 :

429 1940 446 1963 «
477 1926 651 1968 Bellum
668 1926 804 1967 etiam
823 1937 905 1979 pro
928 1926 1048 1969 caede
1069 1926 1206 1968 boum
1225 1927 1460 1980 stratisque
1473 1928 1695 1979 juvencis„

372 1994 777 2043 Laomedontiadas,
794 1996 1023 2039 bellumne
1039 1995 1204 2039 inferre
1222 1998 1401 2051 paratis,

371 2068 423 2106 Et
442 2066 587 2121 patrio
603 2067 821 2120 Harpyias
841 2068 1042 2109 insontes
1058 2067 1223 2120 pellere
1239 2068 1408 2120 regno?

373 2136 579 2190 Adcipite
599 2146 721 2189 ergo,
742 2137 901 2179 animis
920 2139 1055 2190 atque
1077 2137 1172 2180 haec
1190 2150 1289 2180 mea
1305 2136 1426 2190 figite.
1442 2138 1559 2180 dicta
1579 2156 1587 2178 :

370 2210 478 2257 Quae
500 2206 669 2248 Phoebo
690 2209 818 2259 pater
841 2207 1144 2261 omnipotens,
1177 2208 1282 2248 milii
1313 2208 1506 2250 Phoebus
1532 2209 1695 2262 Apollo

371 2276 593 2323 Praedixit,
616 2277 741 2319 vobis
763 2279 1001 2319 Furiarum
1022 2288 1104 2329 ego
1126 2279 1314 2320 maxima
1336 2278 1502 2330 pando.

369 2335 535 2386 ltaliam
556 2356 687 2386 cursu
710 2344 871 2398 petitis,
896 2344 1132 2397 ventisque
1155 2345 1322 2387 vocatis

369 2414 488 2457 ibitis
504 2414 691 2464 ltaliam,
720 2417 961 2469 portusque
986 2415 1150 2458 intrare
1170 2415 1316 2457 licebit
1343 2431 1358 2454 r..
