1917 2942
231 373 292 412 lll
600 401 603 403 -
765 373 964 413 CULEX.

229 454 426 498 inland-as
443 458 655 499 scelerata
671 466 824 498 manus
843 467 866 499 e
883 457 1001 499 caede
1020 460 1201 499 cruenta
1223 473 1231 497 :

231 529 329 576 Q‘uae
346 523 501 576 gelidis
520 524 729 567 bacchata
747 527 863 578 jugis
881 525 1098 577 requievit
1114 527 1161 566 in
1181 528 1333 571 antro:

235 597 454 638 Posterius
473 607 647 648 poenam
666 596 787 649 gnati
804 608 849 638 se
865 599 1005 638 morte
1025 597 1230 638 futuram.

234 667 306 710 Hic
323 668 455 709 etiam
470 667 599 709 viridi
613 666 810 709 ludentes
828 670 967 709 Panes
982 668 1027 708 in
1047 666 1209 715 herba:

234 738 281 777 Et
297 738 438 790 Satyri
456 736 738 790 Dryadesque
755 736 912 779 choros
931 747 1061 789 egere
1080 737 1237 790 puellae

236 806 437 848 Naiadum
455 812 589 850 coetu.
606 809 796 849 Tantum
814 818 906 848 non
924 806 1123 861 Orpheus
1141 807 1340 849 Hebrum

235 879 479 919 Restantem
500 878 640 920 lenuit
656 878 762 931 ripis
776 878 989 931 silvasque
1007 877 1209 920 canendo
1226 908 1236 924 ‚

237 946 451 993 Quantum
467 947 532 992 te,
555 945 705 986 Peneu
720 975 730 992 ,
752 948 1051 987 remorantem
1069 944 1149 986 Dia
1165 943 1350 990 chorea.

240 1013 367 1055 Multa
385 1012 459 1055 libi
476 1014 578 1056 laeto
597 1012 831 1058 fundentes
850 1014 1009 1068 gaudia
1027 1015 1151 1056 vultu
1166 1046 1176 1061 ,

237 1084 325 1136 Ipsa
340 1083 427 1125 loci
443 1089 621 1129 natura,
645 1084 827 1126 domum
845 1086 1081 1127 resonante
1096 1096 1298 1131 susurro,

240 1153 336 1203 Quis
351 1153 504 1201 dabat,
525 1157 568 1197 et
587 1153 703 1197 dulei
722 1154 852 1197 fessas
869 1153 1096 1196 refovebat
1115 1155 1163 1195 in
1181 1154 1352 1196 umbra.

240 1226 336 1265 Nam
362 1225 552 1277 primum
570 1236 710 1279 prona
730 1225 970 1277 surgebant
988 1224 1100 1266 valle
1119 1227 1320 1277 patentes

244 1293 382 1336 Aereae
406 1293 638 1348 platanus:
655 1295 769 1336 inter
788 1305 895 1347 quas
910 1294 1044 1347 impia
1063 1293 1176 1334 lotos
1191 1324 1202 1345 ,

244 1364 394 1415 Impia,
425 1374 520 1416 quae
540 1365 681 1406 socios
703 1364 839 1405 Itbaci
856 1365 1077 1405 maerentis
1099 1363 1271 1417 abegit,

244 1434 416 1487 Hospita
433 1434 539 1474 dum
559 1433 696 1476 nimia
714 1434 854 1476 tenuit
873 1432 1107 1476 dulcedine
1127 1436 1296 1487 captos.

247 1503 316 1553 At,
336 1501 493 1555 quibus
515 1502 676 1554 insigni
695 1513 830 1544 curru
849 1504 1068 1554 projectus
1086 1513 1300 1554 equorum

246 1571 472 1615 Ambustus
496 1568 695 1614 Phaeton
716 1575 836 1616 luctu
858 1575 1105 1614 mutaverat
1124 1575 1242 1614 artus
1259 1604 1268 1620 ,

249 1643 437 1685 Heliades
458 1642 615 1685 teneris
633 1643 843 1695 amplexae
858 1641 1035 1685 brachia
1053 1644 1221 1684 truncis

249 1712 429 1754 Candida
452 1711 691 1755 fundebant
706 1714 838 1754 tentis
856 1712 1075 1755 velamina
1094 1712 1241 1753 ramis.

251 1782 478 1830 Posterius.
500 1783 571 1824 eui
592 1782 882 1836 Demophoon
901 1786 1064 1824 aetema
1085 1783 1260 1835 reliquit

252 1850 474 1894 Perfidiam
490 1852 765 1894 lamentandi
784 1853 922 1896 mala.
947 1852 1113 1907 perlida
1131 1854 1282 1894 multis
1302 1870 1310 1893 :

254 1922 381 1969 Quam
396 1922 721 1964 comitabantur
740 1922 884 1965 fatalia
900 1923 1099 1965 carmina
1116 1934 1327 1976 quercus;

254 1992 434 2039 Quercus
454 1996 555 2036 ante
573 1992 686 2035 datae
705 2023 714 2039 ,
735 1994 905 2036 Cereris
922 2006 1052 2047 quam
1072 1994 1240 2036 semina
1259 2027 1268 2043 ‚
1289 1996 1389 2037 vitze
1411 2014 1420 2036 ;

255 2062 339 2105 Illas
357 2065 621 2119 Triptolemi
642 2066 830 2107 mutavit
849 2065 995 2108 sulcus
1015 2066 1173 2107 aristis.

258 2134 326 2176 Hic
343 2167 352 2184 ‚
369 2146 577 2188 magnum
592 2139 747 2188 Argoae
766 2135 867 2177 navi
889 2135 1044 2179 decus,
1065 2135 1182 2177 edita
1205 2133 1334 2189 pinus

257 2205 454 2249 Proceras
470 2205 652 2247 decorat
666 2205 796 2248 silvas
812 2205 979 2247 hirsuta
995 2216 1074 2258 per
1096 2208 1229 2247 artus.

261 2273 423 2328 Adpetit
439 2276 552 2317 ae'ris
570 2275 829 2328 contingere
847 2275 1073 2316 montibus
1093 2277 1205 2316 astra

261 2343 358 2386 [licis
376 2349 416 2388 et
436 2345 574 2399 nigrae
598 2346 764 2399 species
782 2378 791 2393 ,
814 2349 859 2387 et
875 2347 976 2387 laeta
994 2355 1227 2397 cupressus
1243 2360 1253 2393 ;

262 2414 554 2470 Umbrosaeque
575 2419 757 2458 manent
776 2415 921 2470 fagus,
940 2415 1170 2468 edssraeque
1186 2416 1370 2468 ligantes

262 2485 449 2535 Brachia.
467 2486 686 2530 fraternos
705 2487 883 2540 plangat
904 2498 961 2531 ne
980 2486 1172 2541 populus
1193 2485 1305 2529 ictus
1323 2503 1332 2533 ς
