<?xml version="1.0" encoding="UTF-8"?>
<!DOCTYPE html PUBLIC "-//W3C//DTD XHTML 1.0 Transitional//EN"
    "http://www.w3.org/TR/xhtml1/DTD/xhtml1-transitional.dtd">
<html xmlns="http://www.w3.org/1999/xhtml" xml:lang="en" lang="en">
 <head>
  <title>
</title>
<meta http-equiv="Content-Type" content="text/html;charset=utf-8" />
  <meta name='ocr-system' content='tesseract 3.04.00' />
  <meta name='ocr-capabilities' content='ocr_page ocr_carea ocr_par ocr_line ocrx_word'/>
</head>
<body>
  <div class='ocr_page' id='page_1' title='image "./publiivirgiliim01unkngoog_0244.png"; bbox 0 0 1917 2942; ppageno 0'>
   <div class='ocr_carea' id='block_1_1' title="bbox 632 341 1253 609">
    <p class='ocr_par' dir='ltr' id='par_1_1' title="bbox 632 341 1253 609">
     <span class='ocr_line' id='line_1_1' title="bbox 714 341 1120 409; baseline 0 -3"><span class='ocrx_word' id='word_1_1' title='bbox 714 341 1120 409; x_wconf 83' lang='lat' dir='ltr'>AENEIDOS</span> 
     </span>
     <span class='ocr_line' id='line_1_2' title="bbox 632 548 1253 609; baseline 0.006 -12"><span class='ocrx_word' id='word_1_2' title='bbox 632 548 853 599; x_wconf 84' lang='lat' dir='ltr'>LIBER</span> <span class='ocrx_word' id='word_1_3' title='bbox 902 549 1253 609; x_wconf 69' lang='lat' dir='ltr'>oomrus.</span> 
     </span>
    </p>
   </div>
   <div class='ocr_carea' id='block_1_2' title="bbox 295 746 1596 805">
    <p class='ocr_par' dir='ltr' id='par_1_2' title="bbox 295 746 1596 805">
     <span class='ocr_line' id='line_1_3' title="bbox 295 746 1596 805; baseline 0.005 -6"><span class='ocrx_word' id='word_1_4' title='bbox 295 746 1596 805; x_wconf 45' lang='lat' dir='ltr'>QQQQQSQQQQQQQQQfflQQQQQQQQ§32</span> 
     </span>
    </p>
   </div>
   <div class='ocr_carea' id='block_1_3' title="bbox 296 948 1604 1970">
    <p class='ocr_par' dir='ltr' id='par_1_3' title="bbox 296 948 1604 1970">
     <span class='ocr_line' id='line_1_4' title="bbox 296 948 1596 995; baseline 0.002 -12"><span class='ocrx_word' id='word_1_5' title='bbox 296 950 428 984; x_wconf 80' lang='lat' dir='ltr'>AEneas</span> <span class='ocrx_word' id='word_1_6' title='bbox 442 975 450 991; x_wconf 91' lang='lat'>‚</span> <span class='ocrx_word' id='word_1_7' title='bbox 468 958 490 984; x_wconf 86' lang='lat' dir='ltr'>e</span> <span class='ocrx_word' id='word_1_8' title='bbox 510 948 628 994; x_wconf 77' lang='lat' dir='ltr'>Libya</span> <span class='ocrx_word' id='word_1_9' title='bbox 647 949 687 983; x_wconf 84' lang='lat' dir='ltr'>in</span> <span class='ocrx_word' id='word_1_10' title='bbox 705 949 862 985; x_wconf 76' lang='lat' dir='ltr'>ltaliam</span> <span class='ocrx_word' id='word_1_11' title='bbox 891 950 1082 995; x_wconf 78' lang='lat' dir='ltr'>navigans</span> <span class='ocrx_word' id='word_1_12' title='bbox 1095 978 1104 993; x_wconf 94' lang='lat'>,</span> <span class='ocrx_word' id='word_1_13' title='bbox 1134 950 1335 988; x_wconf 86' lang='lat' dir='ltr'>deflectere</span> <span class='ocrx_word' id='word_1_14' title='bbox 1362 951 1403 987; x_wconf 90' lang='lat' dir='ltr'>in</span> <span class='ocrx_word' id='word_1_15' title='bbox 1422 952 1596 988; x_wconf 78' lang='lat' dir='ltr'>Siciliam</span> 
     </span>
     <span class='ocr_line' id='line_1_5' title="bbox 339 1009 1599 1058; baseline 0.004 -14"><span class='ocrx_word' id='word_1_16' title='bbox 339 1009 377 1044; x_wconf 84' lang='lat' dir='ltr'>vi</span> <span class='ocrx_word' id='word_1_17' title='bbox 411 1010 651 1054; x_wconf 82' lang='lat' dir='ltr'>tempestatis</span> <span class='ocrx_word' id='word_1_18' title='bbox 680 1011 833 1057; x_wconf 82' lang='lat' dir='ltr'>cogitur</span> <span class='ocrx_word' id='word_1_19' title='bbox 863 1021 871 1045; x_wconf 90' lang='lat'>:</span> <span class='ocrx_word' id='word_1_20' title='bbox 891 1012 960 1046; x_wconf 88' lang='lat' dir='ltr'>ubi</span> <span class='ocrx_word' id='word_1_21' title='bbox 992 1012 1039 1047; x_wconf 81' lang='lat' dir='ltr'>eb</span> <span class='ocrx_word' id='word_1_22' title='bbox 1067 1014 1199 1048; x_wconf 82' lang='lat' dir='ltr'>Aceste</span> <span class='ocrx_word' id='word_1_23' title='bbox 1233 1016 1397 1057; x_wconf 83' lang='lat' dir='ltr'>Trojano</span> <span class='ocrx_word' id='word_1_24' title='bbox 1428 1013 1599 1058; x_wconf 83' lang='lat' dir='ltr'>benigne</span> 
     </span>
     <span class='ocr_line' id='line_1_6' title="bbox 339 1071 1599 1116; baseline 0.001 -10"><span class='ocrx_word' id='word_1_25' title='bbox 339 1075 516 1114; x_wconf 84' lang='lat' dir='ltr'>exceptus</span> <span class='ocrx_word' id='word_1_26' title='bbox 529 1099 537 1114; x_wconf 92' lang='lat'>,</span> <span class='ocrx_word' id='word_1_27' title='bbox 552 1071 670 1116; x_wconf 82' lang='lat' dir='ltr'>patri,</span> <span class='ocrx_word' id='word_1_28' title='bbox 686 1080 803 1116; x_wconf 90' lang='lat' dir='ltr'>quem</span> <span class='ocrx_word' id='word_1_29' title='bbox 815 1071 897 1107; x_wconf 85' lang='lat' dir='ltr'>illic</span> <span class='ocrx_word' id='word_1_30' title='bbox 910 1072 1109 1115; x_wconf 78' lang='lat' dir='ltr'>superiore</span> <span class='ocrx_word' id='word_1_31' title='bbox 1126 1082 1227 1108; x_wconf 81' lang='lat' dir='ltr'>anno</span> <span class='ocrx_word' id='word_1_32' title='bbox 1243 1081 1349 1109; x_wconf 86' lang='lat' dir='ltr'>mors</span> <span class='ocrx_word' id='word_1_33' title='bbox 1366 1074 1599 1116; x_wconf 71' lang='lat' dir='ltr'>abstulerat,</span> 
     </span>
     <span class='ocr_line' id='line_1_7' title="bbox 338 1130 1598 1177; baseline 0.002 -11"><span class='ocrx_word' id='word_1_34' title='bbox 338 1130 650 1166; x_wconf 74' lang='lat' dir='ltr'>anniversarium</span> <span class='ocrx_word' id='word_1_35' title='bbox 667 1131 835 1168; x_wconf 80' lang='lat' dir='ltr'>celebrat</span> <span class='ocrx_word' id='word_1_36' title='bbox 850 1141 1001 1168; x_wconf 79' lang='lat' dir='ltr'>sacrum</span> <span class='ocrx_word' id='word_1_37' title='bbox 1021 1160 1028 1175; x_wconf 92' lang='lat'><em>,</em></span> <span class='ocrx_word' id='word_1_38' title='bbox 1045 1132 1228 1177; x_wconf 86' lang='lat' dir='ltr'>ludosque</span> <span class='ocrx_word' id='word_1_39' title='bbox 1241 1135 1405 1177; x_wconf 75' lang='lat' dir='ltr'>quatuor</span> <span class='ocrx_word' id='word_1_40' title='bbox 1417 1160 1425 1175; x_wconf 92' lang='lat'>,</span> <span class='ocrx_word' id='word_1_41' title='bbox 1441 1141 1598 1168; x_wconf 86' lang='lat' dir='ltr'>cursum</span> 
     </span>
     <span class='ocr_line' id='line_1_8' title="bbox 339 1191 1599 1238; baseline 0.002 -13"><span class='ocrx_word' id='word_1_42' title='bbox 339 1192 517 1226; x_wconf 80' lang='lat' dir='ltr'>navalem</span> <span class='ocrx_word' id='word_1_43' title='bbox 530 1219 539 1234; x_wconf 94' lang='lat'>‚</span> <span class='ocrx_word' id='word_1_44' title='bbox 578 1200 624 1228; x_wconf 74' lang='lat' dir='ltr'>ac</span> <span class='ocrx_word' id='word_1_45' title='bbox 655 1191 873 1236; x_wconf 82' lang='lat' dir='ltr'>pedestrem</span> <span class='ocrx_word' id='word_1_46' title='bbox 891 1220 899 1235; x_wconf 90' lang='lat'>‚</span> <span class='ocrx_word' id='word_1_47' title='bbox 933 1195 1108 1229; x_wconf 79' lang='lat' dir='ltr'>cestuum</span> <span class='ocrx_word' id='word_1_48' title='bbox 1138 1201 1309 1238; x_wconf 81' lang='lat' dir='ltr'>pugnam</span> <span class='ocrx_word' id='word_1_49' title='bbox 1323 1220 1332 1234; x_wconf 90' lang='lat'>‚</span> <span class='ocrx_word' id='word_1_50' title='bbox 1364 1193 1599 1238; x_wconf 77' lang='lat' dir='ltr'>sagittarum</span> 
     </span>
     <span class='ocr_line' id='line_1_9' title="bbox 339 1252 1599 1298; baseline 0 -9"><span class='ocrx_word' id='word_1_51' title='bbox 339 1254 648 1296; x_wconf 55' lang='lat' dir='ltr'>maculationem,</span> <span class='ocrx_word' id='word_1_52' title='bbox 667 1253 807 1297; x_wconf 88' lang='lat' dir='ltr'>quibus</span> <span class='ocrx_word' id='word_1_53' title='bbox 822 1252 930 1289; x_wconf 78' lang='lat' dir='ltr'>addit</span> <span class='ocrx_word' id='word_1_54' title='bbox 945 1253 1128 1290; x_wconf 79' lang='lat' dir='ltr'>Ascanius</span> <span class='ocrx_word' id='word_1_55' title='bbox 1144 1257 1362 1298; x_wconf 82' lang='lat' dir='ltr'>equestrem</span> <span class='ocrx_word' id='word_1_56' title='bbox 1380 1254 1599 1290; x_wconf 81' lang='lat' dir='ltr'>decursum.</span> 
     </span>
     <span class='ocr_line' id='line_1_10' title="bbox 344 1314 1599 1363; baseline 0 -14"><span class='ocrx_word' id='word_1_57' title='bbox 344 1314 515 1349; x_wconf 76' lang='lat' dir='ltr'>Interim</span> <span class='ocrx_word' id='word_1_58' title='bbox 530 1316 706 1363; x_wconf 76' lang='lat' dir='ltr'>Trojanae</span> <span class='ocrx_word' id='word_1_59' title='bbox 724 1314 931 1356; x_wconf 85' lang='lat' dir='ltr'>mulieres,</span> <span class='ocrx_word' id='word_1_60' title='bbox 952 1316 1116 1350; x_wconf 80' lang='lat' dir='ltr'>lunonis</span> <span class='ocrx_word' id='word_1_61' title='bbox 1135 1314 1326 1359; x_wconf 86' lang='lat' dir='ltr'>impulsu,</span> <span class='ocrx_word' id='word_1_62' title='bbox 1347 1316 1502 1351; x_wconf 83' lang='lat' dir='ltr'>hortatu</span> <span class='ocrx_word' id='word_1_63' title='bbox 1521 1316 1599 1350; x_wconf 84' lang='lat' dir='ltr'>lri-</span> 
     </span>
     <span class='ocr_line' id='line_1_11' title="bbox 341 1373 1602 1419; baseline 0.001 -10"><span class='ocrx_word' id='word_1_64' title='bbox 341 1373 416 1416; x_wconf 86' lang='lat' dir='ltr'>dis,</span> <span class='ocrx_word' id='word_1_65' title='bbox 435 1373 551 1409; x_wconf 82' lang='lat' dir='ltr'>toedio</span> <span class='ocrx_word' id='word_1_66' title='bbox 568 1373 852 1418; x_wconf 77' lang='lat' dir='ltr'>navigationis,</span> <span class='ocrx_word' id='word_1_67' title='bbox 872 1373 1087 1409; x_wconf 86' lang='lat' dir='ltr'>incendunt</span> <span class='ocrx_word' id='word_1_68' title='bbox 1102 1383 1238 1416; x_wconf 79' lang='lat' dir='ltr'>neves,</span> <span class='ocrx_word' id='word_1_69' title='bbox 1257 1383 1421 1419; x_wconf 78' lang='lat' dir='ltr'>quarum</span> <span class='ocrx_word' id='word_1_70' title='bbox 1438 1378 1602 1419; x_wconf 78' lang='lat' dir='ltr'>quatuor</span> 
     </span>
     <span class='ocr_line' id='line_1_12' title="bbox 338 1435 1600 1480; baseline -0.002 -7"><span class='ocrx_word' id='word_1_71' title='bbox 338 1438 576 1473; x_wconf 80' lang='lat' dir='ltr'>exuruntur:</span> <span class='ocrx_word' id='word_1_72' title='bbox 596 1435 733 1471; x_wconf 80' lang='lat' dir='ltr'>ceteroe</span> <span class='ocrx_word' id='word_1_73' title='bbox 753 1435 931 1470; x_wconf 80' lang='lat' dir='ltr'>immissa</span> <span class='ocrx_word' id='word_1_74' title='bbox 950 1445 969 1470; x_wconf 81' lang='lat' dir='ltr'>a</span> <span class='ocrx_word' id='word_1_75' title='bbox 988 1439 1079 1471; x_wconf 79' lang='lat' dir='ltr'>Jove</span> <span class='ocrx_word' id='word_1_76' title='bbox 1095 1437 1225 1479; x_wconf 78' lang='lat' dir='ltr'>pluvia</span> <span class='ocrx_word' id='word_1_77' title='bbox 1244 1437 1458 1471; x_wconf 76' lang='lat' dir='ltr'>servantur.</span> <span class='ocrx_word' id='word_1_78' title='bbox 1478 1440 1600 1480; x_wconf 74' lang='lat' dir='ltr'>Quare</span> 
     </span>
     <span class='ocr_line' id='line_1_13' title="bbox 338 1498 1598 1540; baseline -0.002 -6"><span class='ocrx_word' id='word_1_79' title='bbox 338 1498 474 1535; x_wconf 76' lang='lat' dir='ltr'>suadet</span> <span class='ocrx_word' id='word_1_80' title='bbox 505 1500 629 1534; x_wconf 79' lang='lat' dir='ltr'>AEneae</span> <span class='ocrx_word' id='word_1_81' title='bbox 649 1498 801 1538; x_wconf 76' lang='lat' dir='ltr'>Nautes,</span> <span class='ocrx_word' id='word_1_82' title='bbox 818 1498 871 1538; x_wconf 88' lang='lat' dir='ltr'>ut,</span> <span class='ocrx_word' id='word_1_83' title='bbox 890 1499 1021 1533; x_wconf 73' lang='lat' dir='ltr'>evecto</span> <span class='ocrx_word' id='word_1_84' title='bbox 1039 1506 1169 1532; x_wconf 87' lang='lat' dir='ltr'>secum</span> <span class='ocrx_word' id='word_1_85' title='bbox 1192 1500 1377 1540; x_wconf 82' lang='lat' dir='ltr'>juvenum</span> <span class='ocrx_word' id='word_1_86' title='bbox 1393 1498 1487 1533; x_wconf 89' lang='lat' dir='ltr'>flore</span> <span class='ocrx_word' id='word_1_87' title='bbox 1501 1524 1509 1539; x_wconf 85' lang='lat'>‚</span> <span class='ocrx_word' id='word_1_88' title='bbox 1535 1506 1598 1533; x_wconf 87' lang='lat' dir='ltr'>se-</span> 
     </span>
     <span class='ocr_line' id='line_1_14' title="bbox 342 1558 1599 1602; baseline -0.003 -5"><span class='ocrx_word' id='word_1_89' title='bbox 342 1570 411 1597; x_wconf 87' lang='lat' dir='ltr'>nes</span> <span class='ocrx_word' id='word_1_90' title='bbox 441 1569 483 1595; x_wconf 75' lang='lat' dir='ltr'>ac</span> <span class='ocrx_word' id='word_1_91' title='bbox 513 1560 698 1595; x_wconf 87' lang='lat' dir='ltr'>mulieres</span> <span class='ocrx_word' id='word_1_92' title='bbox 730 1559 773 1594; x_wconf 91' lang='lat' dir='ltr'>in</span> <span class='ocrx_word' id='word_1_93' title='bbox 788 1558 920 1594; x_wconf 81' lang='lat' dir='ltr'>Sicilia</span> <span class='ocrx_word' id='word_1_94' title='bbox 938 1558 1146 1602; x_wconf 77' lang='lat' dir='ltr'>relinquet.</span> <span class='ocrx_word' id='word_1_95' title='bbox 1169 1559 1319 1593; x_wconf 80' lang='lat' dir='ltr'>Firmet</span> <span class='ocrx_word' id='word_1_96' title='bbox 1334 1558 1373 1594; x_wconf 89' lang='lat' dir='ltr'>id</span> <span class='ocrx_word' id='word_1_97' title='bbox 1391 1559 1599 1594; x_wconf 85' lang='lat' dir='ltr'>consilium</span> 
     </span>
     <span class='ocr_line' id='line_1_15' title="bbox 343 1618 1601 1664; baseline -0.002 -8"><span class='ocrx_word' id='word_1_98' title='bbox 343 1622 526 1658; x_wconf 83' lang='lat' dir='ltr'>Anchises</span> <span class='ocrx_word' id='word_1_99' title='bbox 542 1619 582 1655; x_wconf 91' lang='lat' dir='ltr'>in</span> <span class='ocrx_word' id='word_1_100' title='bbox 600 1618 747 1656; x_wconf 84' lang='lat' dir='ltr'>somnis</span> <span class='ocrx_word' id='word_1_101' title='bbox 769 1630 778 1654; x_wconf 72' lang='grc' dir='ltr'>ε</span> <span class='ocrx_word' id='word_1_102' title='bbox 806 1620 989 1663; x_wconf 87' lang='lat' dir='ltr'>idemque</span> <span class='ocrx_word' id='word_1_103' title='bbox 1001 1619 1133 1654; x_wconf 79' lang='lat' dir='ltr'>suadet</span> <span class='ocrx_word' id='word_1_104' title='bbox 1149 1621 1287 1661; x_wconf 80' lang='lat' dir='ltr'>AEneae‚</span> <span class='ocrx_word' id='word_1_105' title='bbox 1309 1622 1348 1655; x_wconf 86' lang='lat' dir='ltr'>ut</span> <span class='ocrx_word' id='word_1_106' title='bbox 1364 1619 1544 1664; x_wconf 77' lang='lat' dir='ltr'>adpulsus</span> <span class='ocrx_word' id='word_1_107' title='bbox 1558 1619 1601 1654; x_wconf 87' lang='lat' dir='ltr'>in</span> 
     </span>
     <span class='ocr_line' id='line_1_16' title="bbox 342 1680 1602 1726; baseline -0.003 -7"><span class='ocrx_word' id='word_1_108' title='bbox 342 1685 499 1720; x_wconf 79' lang='lat' dir='ltr'>ltaliam</span> <span class='ocrx_word' id='word_1_109' title='bbox 527 1683 637 1718; x_wconf 74' lang='lat' dir='ltr'>adeat</span> <span class='ocrx_word' id='word_1_110' title='bbox 671 1682 859 1726; x_wconf 77' lang='lat' dir='ltr'>Sibyllam</span> <span class='ocrx_word' id='word_1_111' title='bbox 878 1693 886 1724; x_wconf 92' lang='lat'>;</span> <span class='ocrx_word' id='word_1_112' title='bbox 908 1689 981 1725; x_wconf 83' lang='lat' dir='ltr'>qua</span> <span class='ocrx_word' id='word_1_113' title='bbox 1000 1681 1108 1722; x_wconf 88' lang='lat' dir='ltr'>duce,</span> <span class='ocrx_word' id='word_1_114' title='bbox 1128 1680 1334 1717; x_wconf 82' lang='lat' dir='ltr'>descendat</span> <span class='ocrx_word' id='word_1_115' title='bbox 1370 1681 1418 1716; x_wconf 79' lang='lat' dir='ltr'>ud</span> <span class='ocrx_word' id='word_1_116' title='bbox 1435 1681 1578 1716; x_wconf 77' lang='lat' dir='ltr'>inferos</span> <span class='ocrx_word' id='word_1_117' title='bbox 1594 1708 1602 1722; x_wconf 91' lang='lat'>,</span> 
     </span>
     <span class='ocr_line' id='line_1_17' title="bbox 341 1742 1601 1790; baseline -0.004 -8"><span class='ocrx_word' id='word_1_118' title='bbox 341 1746 410 1782; x_wconf 91' lang='lat' dir='ltr'>ubi</span> <span class='ocrx_word' id='word_1_119' title='bbox 428 1748 672 1790; x_wconf 80' lang='lat' dir='ltr'>posterorum</span> <span class='ocrx_word' id='word_1_120' title='bbox 688 1745 831 1780; x_wconf 87' lang='lat' dir='ltr'>seriem</span> <span class='ocrx_word' id='word_1_121' title='bbox 846 1747 883 1780; x_wconf 87' lang='lat' dir='ltr'>et</span> <span class='ocrx_word' id='word_1_122' title='bbox 903 1746 1063 1780; x_wconf 85' lang='lat' dir='ltr'>eventus</span> <span class='ocrx_word' id='word_1_123' title='bbox 1082 1742 1219 1779; x_wconf 84' lang='lat' dir='ltr'>discet.</span> <span class='ocrx_word' id='word_1_124' title='bbox 1251 1744 1359 1778; x_wconf 80' lang='lat' dir='ltr'>Paret</span> <span class='ocrx_word' id='word_1_125' title='bbox 1380 1746 1514 1778; x_wconf 81' lang='lat' dir='ltr'>AEneas</span> <span class='ocrx_word' id='word_1_126' title='bbox 1529 1752 1601 1787; x_wconf 79' lang='lat' dir='ltr'>pa·-</span> 
     </span>
     <span class='ocr_line' id='line_1_18' title="bbox 342 1803 1604 1848; baseline -0.003 -6"><span class='ocrx_word' id='word_1_127' title='bbox 342 1807 414 1842; x_wconf 87' lang='lat' dir='ltr'>tris</span> <span class='ocrx_word' id='word_1_128' title='bbox 432 1806 618 1848; x_wconf 87' lang='lat' dir='ltr'>monitis;</span> <span class='ocrx_word' id='word_1_129' title='bbox 639 1809 698 1848; x_wconf 85' lang='lat' dir='ltr'>et,</span> <span class='ocrx_word' id='word_1_130' title='bbox 721 1805 874 1842; x_wconf 76' lang='lat' dir='ltr'>condita</span> <span class='ocrx_word' id='word_1_131' title='bbox 898 1805 939 1839; x_wconf 85' lang='lat' dir='ltr'>in</span> <span class='ocrx_word' id='word_1_132' title='bbox 956 1804 1088 1840; x_wconf 82' lang='lat' dir='ltr'>Sicilia</span> <span class='ocrx_word' id='word_1_133' title='bbox 1120 1803 1215 1838; x_wconf 86' lang='lat' dir='ltr'>urhe</span> <span class='ocrx_word' id='word_1_134' title='bbox 1236 1805 1365 1839; x_wconf 76' lang='lat' dir='ltr'>Acesta</span> <span class='ocrx_word' id='word_1_135' title='bbox 1386 1830 1395 1846; x_wconf 93' lang='lat'>,</span> <span class='ocrx_word' id='word_1_136' title='bbox 1426 1805 1604 1847; x_wconf 85' lang='lat' dir='ltr'>Neptuno</span> 
     </span>
     <span class='ocr_line' id='line_1_19' title="bbox 339 1863 1603 1912; baseline -0.005 -9"><span class='ocrx_word' id='word_1_137' title='bbox 339 1876 410 1912; x_wconf 86' lang='lat' dir='ltr'>per</span> <span class='ocrx_word' id='word_1_138' title='bbox 424 1869 613 1904; x_wconf 81' lang='lat' dir='ltr'>Venerem</span> <span class='ocrx_word' id='word_1_139' title='bbox 640 1865 869 1906; x_wconf 79' lang='lat' dir='ltr'>conciliato,</span> <span class='ocrx_word' id='word_1_140' title='bbox 898 1863 1014 1900; x_wconf 80' lang='lat' dir='ltr'>solvit</span> <span class='ocrx_word' id='word_1_141' title='bbox 1048 1864 1090 1898; x_wconf 83' lang='lat' dir='ltr'>in</span> <span class='ocrx_word' id='word_1_142' title='bbox 1119 1863 1302 1899; x_wconf 70' lang='lat' dir='ltr'>Italiam:</span> <span class='ocrx_word' id='word_1_143' title='bbox 1335 1872 1409 1907; x_wconf 90' lang='lat' dir='ltr'>quo</span> <span class='ocrx_word' id='word_1_144' title='bbox 1429 1863 1471 1898; x_wconf 92' lang='lat' dir='ltr'>in</span> <span class='ocrx_word' id='word_1_145' title='bbox 1489 1871 1603 1898; x_wconf 85' lang='lat' dir='ltr'>cursu</span> 
     </span>
     <span class='ocr_line' id='line_1_20' title="bbox 346 1924 1579 1970; baseline -0.003 -6"><span class='ocrx_word' id='word_1_146' title='bbox 346 1927 561 1969; x_wconf 80' lang='lat' dir='ltr'>PalinuruS,</span> <span class='ocrx_word' id='word_1_147' title='bbox 579 1926 690 1961; x_wconf 80' lang='lat' dir='ltr'>navis</span> <span class='ocrx_word' id='word_1_148' title='bbox 706 1926 941 1970; x_wconf 79' lang='lat' dir='ltr'>gubernator</span> <span class='ocrx_word' id='word_1_149' title='bbox 956 1952 964 1967; x_wconf 85' lang='lat'>,</span> <span class='ocrx_word' id='word_1_150' title='bbox 981 1924 1179 1961; x_wconf 85' lang='lat' dir='ltr'>dormiens</span> <span class='ocrx_word' id='word_1_151' title='bbox 1194 1924 1234 1959; x_wconf 89' lang='lat' dir='ltr'>in</span> <span class='ocrx_word' id='word_1_152' title='bbox 1251 1932 1360 1960; x_wconf 79' lang='lat' dir='ltr'>mere</span> <span class='ocrx_word' id='word_1_153' title='bbox 1373 1924 1579 1961; x_wconf 77' lang='lat' dir='ltr'>excutitur.</span> 
     </span>
    </p>
   </div>
   <div class='ocr_carea' id='block_1_4' title="bbox 298 2099 1550 2502">
    <p class='ocr_par' dir='ltr' id='par_1_4' title="bbox 298 2099 1316 2152">
     <span class='ocr_line' id='line_1_21' title="bbox 298 2099 1316 2152; baseline -0.001 -10"><span class='ocrx_word' id='word_1_154' title='bbox 298 2103 477 2144; x_wconf 83' lang='lat' dir='ltr'>Interea</span> <span class='ocrx_word' id='word_1_155' title='bbox 494 2099 691 2143; x_wconf 85' lang='lat' dir='ltr'>medium</span> <span class='ocrx_word' id='word_1_156' title='bbox 712 2104 869 2143; x_wconf 79' lang='lat' dir='ltr'>AEneas</span> <span class='ocrx_word' id='word_1_157' title='bbox 883 2102 974 2152; x_wconf 82' lang='lat' dir='ltr'>jam</span> <span class='ocrx_word' id='word_1_158' title='bbox 990 2099 1121 2143; x_wconf 77' lang='lat' dir='ltr'>classe</span> <span class='ocrx_word' id='word_1_159' title='bbox 1143 2100 1316 2143; x_wconf 76' lang='lat' dir='ltr'>tenebat</span> 
     </span>
    </p>

    <p class='ocr_par' dir='ltr' id='par_1_5' title="bbox 299 2169 1550 2502">
     <span class='ocr_line' id='line_1_22' title="bbox 299 2169 1430 2225; baseline -0.001 -12"><span class='ocrx_word' id='word_1_160' title='bbox 299 2174 453 2214; x_wconf 83' lang='lat' dir='ltr'>Certus</span> <span class='ocrx_word' id='word_1_161' title='bbox 472 2172 568 2219; x_wconf 86' lang='lat' dir='ltr'>iter,</span> <span class='ocrx_word' id='word_1_162' title='bbox 592 2169 837 2225; x_wconf 85' lang='lat' dir='ltr'>fluctusque</span> <span class='ocrx_word' id='word_1_163' title='bbox 857 2174 975 2212; x_wconf 82' lang='lat' dir='ltr'>atros</span> <span class='ocrx_word' id='word_1_164' title='bbox 995 2171 1212 2223; x_wconf 81' lang='lat' dir='ltr'>Aquilone</span> <span class='ocrx_word' id='word_1_165' title='bbox 1231 2171 1430 2222; x_wconf 78' lang='lat' dir='ltr'>secabat,</span> 
     </span>
     <span class='ocr_line' id='line_1_23' title="bbox 300 2238 1345 2296; baseline -0.004 -11"><span class='ocrx_word' id='word_1_166' title='bbox 300 2242 465 2285; x_wconf 82' lang='lat' dir='ltr'>Moenia</span> <span class='ocrx_word' id='word_1_167' title='bbox 482 2241 742 2296; x_wconf 85' lang='lat' dir='ltr'>respiciens,</span> <span class='ocrx_word' id='word_1_168' title='bbox 769 2251 866 2294; x_wconf 80' lang='lat' dir='ltr'>quae</span> <span class='ocrx_word' id='word_1_169' title='bbox 880 2243 973 2292; x_wconf 80' lang='lat' dir='ltr'>jam</span> <span class='ocrx_word' id='word_1_170' title='bbox 989 2238 1177 2283; x_wconf 83' lang='lat' dir='ltr'>infelicis</span> <span class='ocrx_word' id='word_1_171' title='bbox 1194 2240 1345 2281; x_wconf 75' lang='lat' dir='ltr'>Elissae</span> 
     </span>
     <span class='ocr_line' id='line_1_24' title="bbox 301 2308 1550 2362; baseline -0.004 -9"><span class='ocrx_word' id='word_1_172' title='bbox 301 2311 535 2355; x_wconf 83' lang='lat' dir='ltr'>collucent</span> <span class='ocrx_word' id='word_1_173' title='bbox 553 2308 758 2352; x_wconf 79' lang='lat' dir='ltr'>flammis.</span> <span class='ocrx_word' id='word_1_174' title='bbox 780 2313 887 2361; x_wconf 79' lang='lat' dir='ltr'>Quae</span> <span class='ocrx_word' id='word_1_175' title='bbox 908 2312 1078 2352; x_wconf 82' lang='lat' dir='ltr'>tanturn</span> <span class='ocrx_word' id='word_1_176' title='bbox 1098 2308 1358 2351; x_wconf 80' lang='lat' dir='ltr'>adcenderit</span> <span class='ocrx_word' id='word_1_177' title='bbox 1375 2308 1521 2362; x_wconf 82' lang='lat' dir='ltr'>ignem</span> <span class='ocrx_word' id='word_1_178' title='bbox 1541 2340 1550 2356; x_wconf 87' lang='lat'><em>,</em></span> 
     </span>
     <span class='ocr_line' id='line_1_25' title="bbox 302 2378 1356 2431; baseline -0.003 -9"><span class='ocrx_word' id='word_1_179' title='bbox 302 2383 443 2423; x_wconf 81' lang='lat' dir='ltr'>Causa</span> <span class='ocrx_word' id='word_1_180' title='bbox 461 2380 567 2423; x_wconf 81' lang='lat' dir='ltr'>latet</span> <span class='ocrx_word' id='word_1_181' title='bbox 589 2379 714 2422; x_wconf 80' lang='lat' dir='ltr'>:duri</span> <span class='ocrx_word' id='word_1_182' title='bbox 737 2389 897 2431; x_wconf 79' lang='lat' dir='ltr'>magno</span> <span class='ocrx_word' id='word_1_183' title='bbox 914 2378 991 2421; x_wconf 83' lang='lat' dir='ltr'>sed</span> <span class='ocrx_word' id='word_1_184' title='bbox 1011 2389 1162 2420; x_wconf 84' lang='lat' dir='ltr'>amore</span> <span class='ocrx_word' id='word_1_185' title='bbox 1178 2378 1356 2421; x_wconf 84' lang='lat' dir='ltr'>dolores</span> 
     </span>
     <span class='ocr_line' id='line_1_26' title="bbox 305 2446 1438 2502; baseline -0.003 -12"><span class='ocrx_word' id='word_1_186' title='bbox 305 2449 501 2498; x_wconf 73' lang='lat' dir='ltr'>polluto,</span> <span class='ocrx_word' id='word_1_187' title='bbox 525 2452 770 2500; x_wconf 81' lang='lat' dir='ltr'>notumque</span> <span class='ocrx_word' id='word_1_188' title='bbox 792 2448 944 2490; x_wconf 76' lang='lat' dir='ltr'>furens</span> <span class='ocrx_word' id='word_1_189' title='bbox 966 2446 1072 2502; x_wconf 85' lang='lat' dir='ltr'>quid</span> <span class='ocrx_word' id='word_1_190' title='bbox 1092 2446 1256 2490; x_wconf 76' lang='lat' dir='ltr'>femina</span> <span class='ocrx_word' id='word_1_191' title='bbox 1276 2446 1438 2501; x_wconf 82' lang='lat' dir='ltr'>possit,</span> 
     </span>
    </p>
   </div>
  </div>
 </body>
</html>
