1917 2942
408 336 488 376 460
931 336 1082 375 AENEI
1093 337 1195 376 Dos
1640 342 1706 382 594

406 421 654 475 Augurium
670 419 971 473 citharamque
988 422 1120 464 dabat
1142 423 1393 477 celeresque
1406 427 1599 477 sagittas.

408 492 485 534 Ille
501 523 511 539 ,
531 494 581 532 ut
597 491 787 544 depositi
800 490 1020 544 proferret
1036 489 1122 534 fata
1141 494 1336 546 parentis
1352 524 1360 538 ‚

407 563 528 604 Scire
547 563 787 616 potestates
801 560 1044 603 herbarum
1064 574 1282 616 usumque
1301 564 1508 608 medendi

409 631 589 677 Maluit,
608 634 654 672 et
671 635 815 671 mutas
836 630 1003 683 agitare
1021 631 1237 683 inglorius
1255 635 1385 675 artes.

408 701 559 743 Stabat
578 700 735 744 acerba
752 699 944 743 fremens
962 733 971 749 ,
996 701 1222 754 ingentem
1240 702 1370 744 nixus
1385 705 1430 744 in
1444 703 1613 746 hastam
1629 738 1638 753 ‚

410 773 592 817 AEneas‚
614 772 1007 822 magnojuvenum
1023 773 1066 813 et
1081 772 1305 813 maerentis
1322 772 1405 814 Iiili

407 843 636 882 concursu
651 870 660 888 ‚
679 839 888 892 lacrymis
902 840 1156 882 immobilis.
1185 841 1265 884 Ille
1286 845 1456 885 retorto

408 910 637 951 Paeonium
655 910 703 949 in
720 920 893 951 morem
917 910 1065 951 senior
1081 910 1329 953 succinctus
1345 913 1505 954 amictu
1525 945 1535 961 ‚

406 982 542 1022 Multa
561 991 694 1022 manu
711 980 885 1022 medica
900 1012 911 1031 ‚
935 980 1178 1034 Phoebique
1197 982 1451 1035 potentibus
1470 983 1616 1025 herbis

400 1051 707 1104 Nequidquam
724 1048 917 1104 trepidat
934 1081 943 1097 ‚
962 1051 1263 1105 nequidquam
1278 1053 1444 1105 spicula
1465 1053 1614 1096 dextra

404 1121 635 1167 Sollicitat,
659 1123 927 1175 prensatque
944 1122 1089 1164 tenaci
1109 1120 1280 1175 forcipe
1302 1122 1482 1164 ferrum.

407 1190 535 1232 Nulla
550 1189 663 1231 viam
684 1191 882 1231 Fortuna
899 1190 1039 1242 regit3
1059 1190 1166 1233 nihil
1184 1194 1336 1234 auctor
1353 1194 1509 1246 Apollo

404 1259 619 1301 subvenit
640 1275 650 1307 ;
674 1263 720 1300 at
737 1269 880 1300 saevus
900 1260 1068 1313 campis
1090 1259 1226 1312 magis
1244 1272 1294 1303 ac
1316 1263 1452 1314 magis
1469 1262 1628 1305 horror
1739 1305 1741 1307 ,

406 1327 671 1377 crebrescit,
687 1327 952 1382 propiusque
966 1328 1130 1369 malum
1148 1331 1231 1370 est.
1250 1332 1348 1371 Jam
1366 1332 1544 1385 pulvere
1560 1333 1704 1375 coelum

406 1402 529 1440 Stare
548 1396 724 1445 vident;
743 1398 936 1439 subeunt
952 1399 1145 1451 equites,
1166 1403 1210 1441 et
1227 1401 1395 1454 spicula
1412 1404 1563 1444 castris

405 1470 552 1510 Densa
566 1467 731 1508 cadunt
749 1465 920 1508 mediis.
939 1470 976 1509 It
998 1467 1130 1508 tristis
1147 1468 1201 1509 ad
1219 1468 1381 1511 aethera
1397 1472 1563 1513 clamor

407 1539 657 1582 Bellantum
671 1540 888 1590 juvenum
904 1570 910 1579 .
931 1542 975 1580 et
991 1537 1104 1579 duro
1123 1539 1203 1580 sub
1220 1542 1360 1583 Marte
1376 1541 1625 1584 cadentum.

459 1609 542 1650 Hic
558 1610 706 1650 Venus
724 1639 730 1651 .
753 1607 938 1660 indigno
959 1608 1050 1650 nati
1069 1619 1284 1652 concussa
1302 1609 1478 1659 dolore,

405 1682 504 1733 Ipsa
522 1689 657 1720 manu
680 1678 868 1730 genitrix
889 1677 1051 1721 Dictaea
1069 1680 1230 1732 carpsit
1246 1680 1298 1721 ab
1315 1681 1389 1723 Ida

405 1749 651 1791 Puberibus
665 1746 837 1790 caulem
856 1746 969 1789 foliis
985 1752 1029 1789 et
1047 1747 1150 1791 flore
1167 1756 1417 1792 comantem

408 1822 669 1871 Purpureo:
689 1827 783 1858 non
798 1817 867 1858 illa
886 1816 986 1859 feris
1001 1817 1228 1870 incognita
1247 1821 1389 1872 capris

409 1889 620 1932 Gramina
635 1920 646 1940 ‚
664 1899 804 1942 quum
822 1892 948 1941 tergo
971 1889 1175 1931 volucres
1191 1890 1356 1934 hoesere
1372 1891 1556 1944 sagittae..

407 1964 503 2004 Hoc
529 1963 696 2002 Venus,
717 1958 910 2000 obscuro
939 1957 1095 2000 faciem
1114 1959 1390 2002 circumdata
1406 1961 1580 2005 nimbo.

408 2029 575 2074 Detulit
590 2045 599 2076 ;
617 2026 704 2071 hoc
722 2027 865 2070 fusum
882 2026 1013 2069 labris
1031 2028 1366 2082 splendentibus
1384 2041 1560 2071 amuein

404 2099 579 2145 Inficit‚
605 2098 779 2142 occulte
793 2096 1034 2145 medicans,
1067 2100 1320 2153 spargitque
1336 2101 1533 2143 salubres

408 2169 654 2211 Ambrosia}
668 2178 820 2210 succos
838 2197 846 2213 ,
866 2170 908 2209 et
931 2165 1196 2211 odoriferam
1213 2180 1469 2222 panaceam.

405 2240 539 2282 ‘Fovit
557 2251 605 2281 ea
624 2238 784 2280 vuinus
799 2238 979 2291 lympha
998 2239 1221 2291 longaevus
1236 2242 1349 2293 Iapis

406 2314 644 2365 Ignorans3
661 2309 893 2361 subitoque
914 2309 1059 2350 omnis
1079 2308 1133 2350 de
1153 2319 1339 2363 corpore
1359 2309 1472 2362 fugit

407 2383 580 2436 Quippe
600 2380 749 2427 dolor;
767 2379 910 2421 omnis
924 2381 1044 2422 stetit
1062 2379 1154 2421 imo
1173 2380 1356 2422 vulnere
1374 2381 1569 2433 sanguis.

406 2456 595 2505 Jamque
609 2453 758 2493 secuta
772 2460 977 2492 manum.
1006 2448 1127 2491 nulio
1143 2452 1349 2501 cogente,
1374 2451 1530 2503 sagitta
