1917 2942
411 327 482 369 102
894 329 1221 370 GEORGICON
1645 331 1722 370 228

405 415 460 454 Et
475 412 648 455 stabula
667 410 928 466 adspectans
947 413 1095 466 regnis
1114 415 1297 457 excessit
1314 414 1453 457 avitis.

405 484 520 535 Ergo
534 481 658 523 omni
677 492 787 524 cura
806 482 923 525 vires
940 484 1137 530 exercet,
1160 485 1203 525 et
1222 483 1340 525 inter

405 552 526 592 Dura
539 551 658 602 jacet
674 561 845 603 pernox
863 551 1050 593 instrato
1070 563 1170 593 saxa
1184 550 1320 594 cubili
1341 584 1351 598 ,

405 622 652 665 Frondibus
670 622 849 666 hirsutis
870 624 1065 667 etcarice
1084 625 1231 677 pastus
1248 627 1402 673 acuta;

403 695 457 734 Et
474 694 615 735 tentat
632 703 726 735 sese
746 725 755 742 ,
779 695 911 746 atque
934 692 1063 735 irasci
1082 694 1129 734 in
1145 704 1315 736 cornua
1333 693 1463 736 discIt

406 762 590 804 Arboris
608 762 792 805 obnixus
816 764 999 809 trunco.
1021 765 1268 817 ventosque
1286 765 1460 809 lacessit

404 831 587 879 Ictibus,
612 835 817 886 etsparsa
833 832 885 873 ad
908 842 1106 886 pugnam
1123 832 1319 886 proludit
1337 845 1487 876 arena.

407 902 535 948 Post,
554 900 630 942 ubi
648 900 889 944 collectum
907 900 1048 943 robur
1063 902 1272 954 viresque
1291 901 1493 950 refectae‚

405 971 538 1022 Signa
552 974 702 1013 movet
719 1002 727 1013 .
749 981 1034 1024 praecepsque
1053 970 1240 1012 oblitum
1256 969 1393 1013 fertur
1408 973 1455 1013 in
1470 972 1644 1016 hostem
1665 991 1674 1013 ·.

405 1042 587 1083 Fluctus
605 1042 695 1089 uti,
716 1039 865 1082 medio
877 1040 1014 1094 coepit
1031 1050 1172 1092 quum
1188 1039 1408 1083 albescere
1422 1047 1561 1094 ponto
1578 1072 1589 1092 ,

404 1112 597 1163 Longius
616 1122 667 1153 ex
681 1111 857 1164 altoque
871 1110 1017 1151 sinum
1034 1108 1167 1150 trahit
1185 1125 1195 1155 ;
1222 1111 1360 1162 utque
1379 1141 1388 1158 ,
1413 1111 1591 1152 volutus

407 1179 477 1220 Ad
497 1184 633 1222 terras
651 1210 660 1226 .
683 1182 875 1222 immane
895 1179 1024 1222 sonat
1041 1189 1122 1233 per
1137 1189 1239 1221 saxa
1257 1211 1266 1227 ,
1289 1190 1434 1232 neque
1449 1179 1546 1234 ipso

407 1251 557 1292 Monte
571 1250 719 1304 minor
738 1248 991 1305 procumbit
1008 1264 1018 1296 3
1040 1251 1084 1289 at
1099 1248 1187 1289 ima
1206 1250 1414 1290 exaestuat
1429 1248 1548 1290 unda

408 1317 660 1360 Vorticibus
678 1349 687 1365 ‚
707 1319 968 1372 nigramque
988 1318 1073 1360 alte
1087 1316 1302 1369 subjectat
1317 1328 1509 1360 arenam.

459 1389 602 1430 Omne
611 1386 722 1430 adeo
733 1398 874 1440 genus
889 1387 936 1428 in
951 1387 1410 1441 terrishominumque
1423 1386 1717 1441 ferarumque,

408 1459 461 1497 Et
475 1467 614 1510 genus
639 1468 917 1510 aequoreum,
934 1456 1128 1510 pecudes
1141 1489 1151 1509 ‚
1166 1457 1385 1511 pictaeque
1404 1458 1629 1505 volucres,

406 1528 459 1566 In
479 1525 613 1569 furias
631 1526 867 1579 ignemque
885 1528 1025 1567 ruunt
1045 1542 1055 1567 z
1074 1538 1198 1568 amor
1217 1526 1420 1568 omnibus
1439 1526 1574 1569 idem.

406 1598 624 1650 Tempore
642 1607 737 1637 non
754 1596 838 1639 alio
857 1597 1109 1639 catulorum
1128 1596 1263 1637 oblita
1280 1596 1422 1638 leaena

407 1666 572 1708 Saevior
590 1666 936 1719 erravitcampis
953 1675 1060 1715 3nec
1082 1664 1238 1708 funera
1259 1665 1395 1717 vulgo

405 1737 514 1776 Tam
532 1736 675 1777 multa
689 1735 903 1778 informes
919 1736 1013 1777 ursi
1030 1738 1310 1789 stragemque
1327 1733 1493 1777 dedere

406 1805 492 1845 Per
505 1804 657 1851 silvas;
683 1807 777 1844 tum
796 1815 939 1846 saevus
954 1814 1072 1858 aper,
1092 1806 1187 1844 tum
1202 1804 1392 1858 pessima
1407 1804 1549 1857 tigriS.

408 1877 528 1916 Heu!
551 1875 666 1916 male
686 1877 778 1915 tum
797 1873 945 1925 Libyae
961 1873 1062 1915 solis
1083 1875 1259 1916 erra-tur
1277 1874 1323 1915 in
1343 1874 1480 1928 agris!

460 1945 621 1987 Nonne
641 1943 764 1987 vides
793 1945 843 1984 ut
861 1945 956 1985 tota
976 1945 1144 1986 tremor
1162 1946 1386 1997 pertentet
1404 1955 1625 1997 equorum

407 2015 626 2067 Corpora,
644 2014 680 2054 si
701 2015 877 2054 tantum
895 2013 1024 2054 notas
1045 2011 1158 2054 odor
1177 2011 1334 2054 adtulit
1350 2013 1511 2054 auras?

408 2086 473 2124 Ac
486 2093 629 2134 neque
644 2092 718 2122 eos
732 2083 824 2133 jam
846 2079 970 2123 frena
986 2081 1146 2128 virum,
1168 2093 1312 2135 neque
1334 2082 1518 2125 verbera
1534 2095 1663 2128 saeva.

409 2154 510 2194 Non
530 2151 701 2205 scopuli
717 2161 937 2205 rupesque
957 2162 1089 2198 cava-3,
1107 2154 1238 2205 atque
1255 2151 1425 2203 objecta
1439 2153 1669 2198 retardant

410 2221 635 2269 Flumina,
658 2225 885 2274 correptos
904 2220 1026 2262 unda
1044 2222 1301 2275 torquentia
1316 2227 1508 2267 montes.

408 2295 507 2344 lpse
529 2291 641 2338 ruit,
661 2289 903 2343 dentesque
920 2289 1159 2332 Sabellicus
1175 2291 1352 2332 exacuit
1370 2303 1441 2333 sus
1456 2324 1465 2338 ,

410 2364 463 2401 Et
481 2359 593 2412 pede
613 2360 861 2412 prosubigit
877 2360 1063 2406 terram,
1088 2358 1216 2402 fricat
1233 2349 1389 2403 arbore
1407 2363 1573 2409 costas,

412 2433 557 2483 Atque
573 2429 676 2473 hinc
688 2431 817 2483 atque
834 2428 966 2476 illinc,
987 2427 1284 2484 humerosque
1303 2429 1355 2472 ad
1371 2428 1553 2474 vulnera
1570 2429 1710 2472 (Iurat,
