1917 2942
348 362 425 400 522
919 360 991 397 (30
1005 361 1088 397 ΡΑ.

353 523 1232 580 QQQQQQQQQQQQQQQQ
1242 523 1441 576 Cssffzffbffi
1451 523 1549 575 22:102}
1561 522 1655 574 aa}

888 688 1091 750 COPA
1105 736 1116 745 .

350 874 469 919 copa
489 863 682 915 Syrisca‚
708 865 841 916 caput
856 861 993 902 ¹Graia
1009 859 1215 903 redimita
1230 859 1418 905 mitella,

398 933 603 988 Crispum
619 932 699 974 sub
719 931 887 974 crotalo
906 930 1038 973 docta
1053 941 1234 972 movere
1248 931 1381 973 latus.

345 1004 481 1046 Ebria
498 1003 670 1044 fumosa
688 1002 816 1043 saltat
836 1001 999 1043 lasciva
1018 999 1221 1043 taberna.

396 1072 464 1114 Ad
481 1071 678 1115 cubitum
697 1081 854 1112 raucos
871 1070 1099 1111 excutiens
1117 1069 1326 1112 calamos.

346 1142 462 1193 Quid
476 1143 608 1194 juvat
626 1140 778 1183 aestivo
795 1138 1015 1182 defessum
1033 1139 1219 1191 pulvere
1234 1139 1384 1180 abesse
1403 1169 1413 1188 ,

396 1215 539 1262 Quam
556 1212 702 1265 potius
718 1209 874 1252 bibulo
893 1208 1152 1251 decubuisse
1171 1208 1303 1249 toro?

345 1284 459 1322 Sunt
479 1291 623 1333 cupae.
648 1276 835 1325 calices,
859 1277 1012 1330 cyathi
1034 1312 1042 1325 ‚
1063 1288 1193 1323 rosa,
1215 1277 1342 1323 tibia,
1361 1275 1555 1320 chordae.

397 1351 454 1390 Et
466 1348 641 1391 trichila
655 1346 905 1391 umbriferis
918 1346 1077 1401 frigida
1094 1345 1401 1388 arundinibus.

343 1421 420 1459 Est
439 1421 483 1460 et
503 1418 713 1459 Maenalio
730 1427 826 1470 quas
842 1415 982 1469 garrit
1002 1415 1130 1458 dulce
1147 1415 1226 1457 sub
1248 1417 1376 1456 antro
1394 1445 1402 1460 ‚

397 1487 581 1529 Rustica
597 1487 786 1539 pastoris
810 1484 952 1527 fistula
972 1496 1095 1527 more
1114 1496 1289 1527 sonans.

345 1559 420 1598 Est
435 1560 481 1600 et
497 1566 664 1610 vappa,
688 1555 801 1597 cado
820 1566 965 1607 nuper
984 1553 1142 1596 diffusa
1162 1555 1308 1609 picato
1328 1572 1337 1595 :

397 1627 475 1667 Est
489 1625 721 1678 strepitans
740 1635 878 1667 rauco
905 1636 1136 1666 murmure
1152 1626 1272 1666 rivus
1293 1635 1432 1678 aquae.

344 1699 457 1738 Sunt
473 1695 606 1739 etiam
626 1705 785 1738 croceo
803 1695 934 1737 violae
956 1694 1010 1736 de
1035 1693 1143 1737 flore
1163 1694 1341 1737 corollae
1359 1710 1369 1740 3

396 1767 607 1818 Sertaque
622 1772 848 1818 purpurea
861 1766 981 1806 lutea
1001 1764 1130 1806 mista
1149 1776 1273 1810 rosaz

342 1831 400 1875 'Et
414 1845 511 1886 quas
523 1833 723 1886 virgineo
743 1834 879 1875 libata
898 1833 1108 1876 Achelois
1126 1833 1179 1875 ab
1201 1845 1329 1876 amne

397 1904 507 1946 Lilia
521 1903 725 1946 vimineis
741 1902 900 1945 adtulit
921 1904 966 1944 in
984 1904 1185 1947 calathis.

345 1977 456 2017 Sunt
474 1977 518 2017 et
535 1974 699 2016 caseoli
716 2005 727 2025 ,
750 1985 859 2027 quos
871 1976 1036 2025 juncea
1052 1972 1205 2016 fiscina
1225 1974 1376 2016 siccat.

396 2048 507 2086 Sunt
523 2044 768 2086 autumnali
788 2054 916 2087 cerea
934 2055 1076 2098 pruna
1096 2044 1166 2087 die
1182 2061 1192 2092 ;

342 2117 654 2167 castaneasque
672 2126 835 2162 nuceS‚
859 2117 903 2156 et
922 2126 1055 2157 suave
1074 2114 1277 2156 rubentia
1301 2115 1430 2156 mala.

395 2186 471 2225 Est
484 2182 556 2225 hic
571 2181 739 2224 munda
754 2185 885 2224 Ceres
900 2198 909 2230 ;
931 2186 997 2225 est
1016 2185 1157 2224 Amor
1173 2199 1183 2231 3
1201 2185 1266 2225 est
1280 2184 1501 2224 Bromius.

344 2255 456 2295 Sunt
472 2256 515 2295 et
533 2263 656 2294 mora
678 2255 887 2298 cruenta.
910 2255 955 2295 et
970 2253 1102 2295 lentis
1121 2264 1210 2295 uva
1223 2252 1410 2295 racemis
1431 2269 1439 2292 ι

398 2327 475 2366 Est
491 2323 690 2377 pendens
709 2324 849 2375 junco
865 2324 1080 2366 caeruleus
1099 2324 1314 2366 cucumis.

344 2397 418 2437 Est
436 2395 585 2447 tuguri
607 2397 755 2436 custos
777 2395 973 2435 armatus
990 2392 1103 2437 falce
1125 2393 1317 2446 saligna;

397 2464 483 2507 Sed
500 2475 590 2506 non
608 2467 651 2506 et
667 2465 795 2506 vasto
817 2465 882 2504 est
907 2463 1090 2515 inguine
1109 2461 1332 2504 terribilis.
