1917 2942
233 324 303 362 1³62
739 325 900 364 LIBER
930 318 1037 363 viu.

235 412 493 448 Sermonum
510 419 681 450 memor
700 412 743 450 et
761 409 964 462 promissi
982 409 1178 451 muueris
1190 439 1199 456 ,
1217 411 1363 452 heros.

234 477 322 519 Nec
335 477 480 518 minus
495 480 649 518 AEneas
670 488 716 518 se
735 477 977 519 matutinus
994 479 1163 530 agebat.

234 546 362 588 Filius
380 545 482 588 huic
496 546 637 588 Pallas
652 577 662 593 ,
684 546 748 588 illi
767 557 915 589 comes
932 547 1026 589 ibat
1046 545 1249 590 Achates.

231 616 458 669 Congressi
470 618 668 669 ,iungunt
687 614 861 659 dextras
874 648 884 665 ‚
901 616 1148 669 mediisque
1165 618 1367 660 residunt

231 686 425 735 AEdibus,
447 690 492 730 et
509 687 632 728 licito
652 686 832 729 tandem
851 698 1057 730 sermone
1077 686 1297 730 fruuntur.

229 760 313 800 Rex
330 758 455 812 prior
472 757 594 800 haec=

282 842 299 864 a
316 828 493 870 Maxime
509 831 781 871 Teucrorum
797 829 969 877 duct-or,
989 840 1075 883 quo
1089 827 1253 881 sospite
1267 841 1497 882 nunquam

228 899 306 938 Res
326 896 531 950 equidem
550 900 690 950 Trojae
705 900 843 941 victas
858 900 932 940 aut
950 909 1087 951 regna
1104 897 1276 940 fatebor
1291 916 1302 946 ;

228 966 262 1004 N
267 965 362 1006 obis
383 966 439 1007 ad
455 966 564 1010 belli
580 967 786 1009 auxilium
806 978 888 1023 pro
904 968 1087 1009 nomine
1106 970 1233 1010 tanto

234 1034 402 1089 Exiguae
415 1036 548 1079 vires.
567 1037 680 1078 Hinc
695 1041 838 1079 Tusco
858 1037 1105 1079 claudimur
1121 1038 1238 1079 amni
1254 1069 1264 1085 ‚

230 1106 341 1147 Hinc
356 1106 544 1148 Rutulus
563 1107 743 1159 premit.
764 1111 808 1151 et
830 1119 1007 1149 murum
1027 1107 1328 1150 circumsonat
1345 1110 1493 1152 armis.

227 1174 308 1217 Sed
330 1175 403 1217 tibi
423 1186 504 1228 ego
519 1175 721 1227 ingentes
735 1177 922 1231 populos
938 1176 1235 1231 opulentaque
1254 1179 1400 1231 regnis

227 1248 421 1298 Jungere
440 1249 584 1289 castra
602 1257 712 1300 paro
730 1263 740 1287 ι
759 1258 892 1300 quam
913 1245 1000 1289 fors
1017 1247 1202 1302 inopina
1220 1248 1406 1292 salutem

225 1317 438 1358 ostentat.
457 1316 574 1357 Fatis
587 1315 675 1358 huc
696 1319 740 1359 te
756 1317 1042 1370 poscentibus
1057 1316 1212 1359 adfers.
1316 1366 1318 1368 ¹

230 1384 352 1426 Haud
368 1385 523 1440 procul
538 1384 643 1428 hine
657 1397 759 1429 saxo
770 1387 983 1429 incolitur
1002 1385 1184 1428 fundata
1194 1390 1370 1430 vetusto

229 1453 350 1495 Urbis
368 1454 582 1507 Agyllinae
600 1455 750 1497 sedes:
773 1455 849 1497 uhi
868 1455 1004 1507 Lydia
1023 1456 1249 1509 quondam

229 1527 359 1572 Gens,
389 1524 502 1567 bello
520 1525 732 1580 praeclara
746 1557 755 1573 ‚
771 1526 890 1579 jugis
904 1525 1064 1568 insedit
1081 1528 1294 1570 Etruscis.

228 1597 348 1636 Hanc
368 1594 530 1636 multos
544 1594 773 1639 florentem
790 1607 930 1638 anuos
946 1607 1020 1638 rex
1040 1595 1202 1639 deinde
1216 1598 1407 1652 superbo

226 1663 413 1706 lmzzerio
429 1666 472 1705 et
490 1664 616 1705 saevis
635 1664 776 1706 tenuit
795 1665 1033 1707 Mezentius
1048 1665 1194 1707 armis„

223 1732 336 1783 Quid
355 1744 600 1776 memorem
618 1732 820 1776 infandas
836 1733 1005 1777 caedes?
1025 1735 1133 1788 quid
1153 1733 1266 1777 facta
1282 1736 1463 1788 tyranni

223 1802 393 1845 Effera?
409 1803 463 1844 Di
482 1804 615 1858 capiti
631 1804 767 1858 ipsius
782 1804 1021 1857 generique
1035 1807 1287 1847 reservent!

226 1874 394 1915 Mortua
411 1873 520 1927 quin
539 1873 670 1915 etiam
683 1874 898 1927 jungebat
922 1883 1111 1927 corpora
1125 1873 1235 1916 vivis
1251 1906 1261 1921 ,

224 1946 506 1996 componens
523 1942 815 1998 manibusque
834 1954 1012 1991 manus,
1032 1947 1162 1997 atque
1179 1945 1329 1987 oribus
1350 1955 1423 1987 ora
1444 1976 1458 1992 ,,

223 2017 236 2060 (
250 2014 472 2057 Tormenti
489 2026 626 2068 genus
643 2016 676 2063 t)
694 2018 740 2057 et
756 2014 877 2058 sanie
898 2015 1085 2068 taboque
1102 2013 1287 2057 fluentes

222 2084 458 2138 complexu
477 2085 522 2126 in
542 2084 703 2126 misero
720 2085 852 2136 longa
866 2084 927 2126 sic
946 2085 1092 2127 morte
1107 2084 1306 2128 necabat.

226 2154 279 2192 At
297 2151 392 2195 fessi
408 2153 587 2195 tandem
605 2153 722 2196 cives
736 2153 920 2196 infanda
940 2153 1160 2197 furentem

223 2224 389 2265 Armati
404 2224 739 2267 circumsistunt
754 2225 983 2278 ipsumque
1000 2224 1272 2279 domumque
1288 2242 1296 2272 ς

222 2293 494 2337 obtruncant
511 2295 677 2342 socios,
698 2295 845 2349 ignem
866 2295 921 2337 ad
941 2293 1112 2348 fastigia
1125 2295 1310 2346 jactant.

222 2364 293 2406 llle
314 2365 430 2407 inter
443 2365 585 2407 caedes
602 2366 863 2408 Rutulorum
878 2366 1050 2420 elapsus
1065 2366 1112 2408 in
1130 2377 1259 2419 agros

222 2431 466 2488 Confugere
484 2467 492 2486 ,
509 2437 552 2481 et
570 2434 705 2477 Turni
725 2434 1156 2490 defendierliospitis
1179 2436 1325 2479 armis.

1296 2528 1343 2565 23

1460 331 1483 367 ω

1489 329 1509 366 ὰ-

1516 330 1538 367 0:
