1917 2942
363 344 441 382 2¹2
898 341 1156 382 AENEIDos
1467 319 1470 329 ²
1545 356 1548 359 ν
1589 328 1682 382 ‘645

362 430 509 471 Tertia
524 429 615 479 jam
633 428 750 468 lunae
770 438 815 469 se
834 425 1005 470 cornua
1022 428 1192 470 lumine
1211 428 1454 480 complent,

362 503 511 548 Quum
528 498 663 538 vitam
684 497 728 537 in
750 496 889 548 silvis,
920 498 1038 539 inter
1059 497 1229 541 deserta
1250 497 1442 539 ferarum

360 570 515 609 Lustra
536 567 781 618 domosque
803 567 945 617 trah0‚
967 567 1198 618 vastosque
1217 566 1269 607 ab
1286 578 1396 619 rupe
1416 567 1628 620 Cyclopas

361 638 607 692 Prospicio‚
629 636 914 689 sonitumque
933 636 1099 689 pedum
1116 647 1360 689 vocemque
1377 637 1596 678 tremisco.
1608 631 1640 693 ,³

358 708 536 749 Victum
552 706 792 754 infelicem,
813 706 969 749 baccas
985 705 1272 759 lapidosaque
1289 717 1437 752 corna,

359 780 477 819 Dant
494 778 621 825 rami,
644 782 689 819 et
703 777 839 818 vulsis
857 781 1046 831 pascunt
1064 777 1285 820 radicibus
1299 776 1462 836 herbae.

360 849 523 890 Omnia
543 847 824 894 collustrans,
844 847 961 889 banc
974 848 1167 902 primum
1187 846 1240 888 acl
1259 848 1391 889 litora
1409 846 1594 889 classem

358 920 574 971 conspexi
592 918 860 959 venientem.
879 918 994 958 Huic
1008 927 1096 968 me.
1115 927 1389 976 quascunque
1403 915 1565 961 fuisset,

361 986 520 1027 Addixi
539 1004 548 1027 :
565 988 668 1029 satis
685 988 749 1027 est
765 988 943 1038 gentem
960 985 1165 1037 effugisse
1186 985 1436 1026 nefandam.

358 1059 440 1098 Vos
460 1057 653 1098 animam
669 1057 785 1099 hanc
800 1057 945 1109 potius
961 1065 1225 1107 quocunque
1247 1055 1460 1096 absumite
1476 1055 1583 1096 leto.
1601 1070 1616 1090 n

412 1126 488 1167 Vix
507 1137 557 1168 ea
583 1124 695 1166 fatus
717 1128 824 1170 erat,
845 1134 1020 1167 summo
1041 1136 1176 1177 quum
1199 1126 1352 1167 monte
1368 1123 1568 1166 videmus

359 1200 509 1251 Ipsum
526 1196 643 1236 inter
659 1194 849 1250 pecudes
863 1198 985 1236 vasta
1001 1206 1046 1237 se
1063 1194 1181 1236 mole
1198 1197 1452 1237 moventem

359 1269 589 1309 Pastorem
608 1267 950 1319 Polyphemum,
978 1267 1021 1307 et
1036 1264 1167 1307 litora
1186 1267 1292 1306 nota
1310 1266 1535 1317 petentem
1559 1281 1569 1303 ι

357 1337 604 1378 Monstrum
620 1324 910 1380 horrendum,
930 1333 1139 1384 informe,
1162 1334 1331 1385 ingens.
1347 1334 1418 1375 cui
1434 1333 1585 1374 lumen
1599 1333 1672 1375 ad-

358 1409 534 1462 Trunca
550 1417 685 1458 manu
699 1406 830 1457 pinus
845 1404 960 1455 regit
977 1405 1020 1446 et
1035 1404 1218 1454 vestigia
1238 1401 1397 1443 firmat.
1473 1403 1670 1454 [emtum.

357 1461 585 1525 Lanigerae
601 1473 871 1515 comitantur
889 1482 991 1514 oves
1014 1488 1023 1512 ε
1041 1483 1090 1513 ea
1105 1472 1199 1513 sola
1214 1470 1434 1524 voluptas,

356 1543 652 1595 solamenque
673 1542 794 1583 mali.

358 1615 600 1663 Postquam
615 1611 726 1652 altos
743 1611 887 1663 tetigit
905 1607 1080 1658 fluctus,
1102 1611 1146 1652 et
1166 1609 1219 1652 ad
1237 1620 1411 1663 [equora
1428 1612 1567 1659 venit,

357 1681 555 1722 Luminis
576 1678 722 1722 effossi
743 1679 929 1720 fluidum
949 1679 1057 1721 lavit
1077 1679 1180 1720 inde
1200 1690 1420 1727 cruorem,

356 1749 574 1791 Dentibus
590 1747 850 1792 infrendens
863 1749 1031 1801 gemitu
1046 1764 1056 1796 ;
1076 1748 1363 1801 graditurque
1378 1760 1455 1802 per
1470 1760 1619 1803 aequor

354 1821 455 1859 Jam
472 1818 690 1865 medium;
720 1817 911 1859 necdum
931 1814 1089 1858 fluctus
1108 1817 1247 1858 latera
1267 1816 1403 1858 ardua
1421 1819 1564 1859 tinxit.

356 1888 443 1929 Nos
459 1887 616 1941 procul
638 1886 741 1930 inde
759 1886 901 1938 fugam
919 1886 1085 1939 trepidi
1105 1887 1314 1943 celerare,⁴
1333 1893 1512 1941 recepto

355 1956 592 2016 Supplicffi
605 1957 668 1997 sie
689 1955 872 2004 merit03
896 1956 1103 2007 tacitique
1121 1955 1318 1998 incidere
1334 1956 1480 2017 sunem
1498 1975 1508 2005 ;

354 2024 583 2066 verrimus
599 2027 643 2065 et
657 2024 788 2077 proni
809 2023 1080 2065 certantibus
1103 2034 1279 2076 aequora
1293 2026 1442 2066 remis.

353 2093 513 2140 Sensit,
533 2098 575 2135 et
590 2091 646 2131 ad
660 2092 855 2133 sonitum
872 2092 993 2133 vocis
1009 2092 1194 2143 vestigia
1212 2094 1350 2134 torsit.

308 2156 521 2202 ‘W'erum
543 2161 618 2201 ubi
638 2160 760 2202 nulla
776 2159 905 2202 datur
924 2160 1071 2202 dextra
1090 2159 1309 2203 adfectare
1329 2163 1532 2213 potestas,

358 2233 451 2274 Nec
468 2231 582 2285 potis
597 2232 743 2273 Ionios
758 2229 916 2273 fluctus
932 2241 1104 2284 aequare
1121 2230 1364 2288 sequendQ

355 2301 608 2342 Clamorem
627 2301 890 2347 immensum
905 2301 1028 2341 tollit
1044 2316 1055 2347 ;
1074 2285 1356 2354 qucspontuffi
1374 2302 1417 2341 et
1432 2309 1584 2345 omues

355 2370 629 2411 Intremuere
646 2368 793 2418 undas,
814 2369 1075 2421 penitusque
1095 2368 1303 2411 exterrita
1323 2368 1453 2410 tellus

354 2436 509 2496 ltaliae,
527 2437 761 2491 curvisque
783 2437 1006 2490 immugiit
1022 2441 1150 2480 AEtna
1165 2438 1376 2498 cavernis.
