1917 2942
276 312 353 350 2:55
799 314 963 353 LIBER
1005 316 1058 353 Η.
1518 320 1586 358 171

277 400 538 441 Conticuere
553 415 563 447 ;
584 410 719 454 sopor
735 400 868 442 sessos
889 401 1201 454 complectitur
1217 404 1352 444 artus.

329 472 387 510 Et
400 473 494 521 jam
510 472 674 523 Argiva
689 471 879 524 phalanx
898 472 1125 514 instructis
1143 473 1329 515 navibus
1345 475 1434 515 ibat

280 542 312 578 A
333 538 508 581 Tenedo
527 570 536 586 ‚
564 540 705 581 tacitae
725 552 804 594 per
819 542 961 583 amica
977 541 1146 583 silentia
1166 542 1282 583 lunas
1300 573 1309 589 ‚

281 609 429 650 Litora
447 612 552 650 nota
569 611 721 664 petens
741 642 749 659 ,
768 609 965 652 flammas
982 621 1119 663 quum
1139 612 1261 663 regia
1278 614 1438 667 puppis

262 680 525 737 &Extulerflb
545 677 729 732 fatisque
744 680 877 722 deum
893 679 1098 722 defensus
1115 681 1277 733 iniquis
1296 713 1304 728 ‚

278 749 475 790 Inclusos
489 750 618 790 utero
639 752 811 791 Danaos
832 750 1017 804 etpinea
1032 749 1185 791 furtim

278 820 411 859 Laxat
426 819 614 861 claustra
630 819 764 861 Sinon
786 837 796 860 :
813 820 910 862 illos
929 819 1167 873 patefactus
1186 820 1240 862 ad
1256 832 1386 863 auras

278 885 439 928 Reddit
457 898 595 939 equus
615 905 625 937 3
645 888 819 939 laetique
835 900 945 931 cavo
966 899 1011 930 se
1031 889 1189 931 robore
1215 893 1431 942 promunt

277 954 575 996 Thessandrus
594 955 917 1009 Sthenelusque
935 957 1094 1004 duces,
1119 961 1163 998 et
1183 958 1302 1000 dirus
1317 959 1462 1001 Ulixes
1479 990 1488 1005 ‚

278 1026 528 1068 Demissum
545 1026 652 1079 lapsi
673 1037 753 1078 per
768 1026 917 1069 funem
937 1058 945 1073 ‚
969 1031 1263 1080 Acamasque,
1284 1028 1514 1080 Thoasque
1531 1061 1540 1073 ,

281 1094 539 1148 Pelidesque
559 1095 898 1148 Neoptolemus,
916 1096 1172 1150 primusque
1188 1097 1404 1139 Machaon
1425 1130 1432 1143 .

283 1166 596 1210 EtMenelaus,
627 1168 671 1206 et
689 1164 782 1217 ipse
801 1164 891 1206 doli
917 1164 1160 1206 fabricator
1178 1170 1333 1219 Epeus.

280 1231 504 1274 Invadunt
521 1232 676 1275 urbem
696 1244 852 1275 somno
871 1236 1066 1287 vinoque
1084 1235 1302 1288 sepultam
1323 1252 1334 1276 :

282 1302 521 1342 Caeduntur
539 1303 692 1354 vigiles
710 1334 719 1350 ‚
742 1304 971 1357 portisque
993 1305 1246 1358 patentibus
1263 1316 1415 1348 omnes

283 1370 524 1424 Adeipiunt
540 1373 682 1413 socios
698 1402 707 1418 ,
733 1377 862 1425 atque
883 1374 1059 1424 agmina
1077 1375 1255 1415 conseia
1267 1377 1475 1428 jungunt.

335 1443 526 1494 Tempus
543 1443 657 1488 erat,
679 1452 769 1494 quo
787 1441 930 1494 prima
951 1442 1074 1494 quies
1094 1442 1353 1484 mortalibus
1369 1445 1496 1497 aegris

284 1510 470 1564 Incipit,
489 1512 534 1552 et
548 1510 668 1569 Quo
690 1510 843 1552 divim]
858 1512 1106 1564 gratissima
1121 1513 1271 1566 serpit.
1528 1537 1623 1547 m

283 1582 333 1619 In
348 1580 539 1628 somnis,
559 1591 685 1626 ecce,
708 1582 809 1622 aute
830 1581 981 1622 oculos
1009 1582 1312 1623 infestissimus
1328 1585 1497 1625 Hector

285 1651 407 1692 Visus
423 1650 575 1693 adesse
594 1650 701 1691 mihi
720 1680 729 1697 ‚
761 1650 997 1704 largosque
1013 1650 1242 1694 effundere
1262 1650 1414 1698 fletus,

286 1722 497 1773 Raptatus
514 1720 628 1773 bigis
646 1750 655 1766 ‚
684 1724 734 1761 ut
752 1719 979 1772 quondam
994 1751 1003 1767 ‚
1028 1722 1207 1773 aterque
1223 1724 1411 1764 cruento

288 1789 499 1836 Pulvere,
522 1799 689 1842 perque
710 1788 845 1842 pedes
869 1790 1077 1839 trajectus
1096 1790 1191 1846 lora
1210 1792 1444 1832 tumentes.

286 1860 368 1902 Hei
389 1859 495 1900 mihi
516 1891 525 1908 ,
544 1858 683 1912 qualis
699 1860 816 1901 erat!
840 1864 1059 1911 quantum
1087 1847 1280 1900 mutatus
1301 1860 1447 1902 abillo

287 1933 477 1972 Hectore
507 1930 582 1983 qui
601 1928 719 1970 redit
733 1928 910 1970 exuvias
926 1928 1106 1970 indutus
1129 1928 1284 1970 Achilli
1303 1960 1312 1977 ,

289 1999 365 2041 Vel
386 1998 585 2040 Danaum
603 1996 818 2049 Phrygios
831 1998 1048 2048 jaculatus
1066 1997 1287 2050 puppibus
1308 2000 1451 2051 ignes!

288 2066 573 2119 squalentem
591 2066 798 2111 barbam,
820 2067 863 2106 et
879 2067 1112 2107 concretos
1131 2066 1347 2119 sauguine
1367 2069 1509 2112 crines
1528 2100 1535 2114 .

287 2138 567 2190 Vulneraque
583 2136 655 2178 illa
675 2146 832 2188 gerens
851 2146 948 2188 quae
968 2136 1136 2177 circum
1152 2136 1343 2190 plurima
1361 2149 1512 2181 muros

290 2206 479 2259 Adcepit
492 2206 675 2260 patrios.
696 2207 820 2246 Ultro
837 2203 943 2247 flens
962 2205 1054 2258 ipse
1069 2204 1252 2247 videbar

290 2276 564 2330 Compellare
584 2275 728 2316 virum
749 2305 759 2325 ‚
791 2277 835 2316 et
849 2278 1027 2316 moestas
1042 2285 1303 2328 expromere
1323 2288 1452 2319 voces
1470 2294 1479 2317 :

296 2366 312 2383 u
339 2350 374 2388 O
389 2348 462 2388 lux
478 2346 724 2394 Dardaniae,
748 2356 845 2396 spes
863 2356 889 2386 o
908 2343 1117 2386 fidissima
1135 2345 1351 2387 Teucrum
1369 2378 1379 2397 ,

295 2420 402 2467 Quae
427 2419 559 2458 tanta¹
583 2417 764 2457 tenuere
785 2414 955 2455 morse?
979 2412 1135 2468 quibus
1158 2416 1322 2456 chtor
1339 2415 1392 2456 ab
1409 2418 1496 2458 oris

1326 2504 1385 2543 12.
