1917 2942
203 327 277 365 750
715 326 882 366 LIBER
922 328 998 366 xi.
1422 330 1501 369 1159

204 414 355 455 Fertur
373 421 503 465 equo,
525 411 743 464 variisque
762 412 940 465 instigat
956 413 1139 455 vocibus
1158 414 1262 459 alas,

205 482 385 523 Nomine
401 492 622 535 quemque
637 493 825 530 vocaus;
846 481 1075 536 reficitque
1096 485 1142 524 in
1162 483 1314 537 praelia
1332 486 1499 539 pulsos.

207 567 221 588 α
238 551 342 601 Quis
358 553 524 598 metus,
547 562 573 592 o
588 562 816 604 nunquam
834 551 1028 598 dolituri,
1046 562 1074 593 ο
1090 564 1264 606 semper
1284 555 1449 597 inertes

202 619 442 673 Tyrrheni,
465 630 562 672 quae
584 622 704 661 tanta
724 620 880 661 animis
904 620 1080 672 ignavia
1096 621 1252 662 venit?

201 690 378 732 Femina
393 690 589 742 palantes
609 690 723 742 agit,
752 692 883 743 atque
903 689 1001 732 haec
1021 690 1196 742 agmina
1218 691 1369 732 vertit.

203 763 295 809 Quo
315 759 496 806 ferrum,
520 759 683 811 quidve
697 758 791 801 haec
807 759 998 811 gerimus
1016 760 1098 800 tela
1114 760 1241 800 irrita
1256 759 1418 802 dextris
1431 761 1451 799 i>

204 830 360 868 Atnou
376 827 423 867 in
444 831 658 869 Venerem
679 838 833 879 segnes
863 832 1169 879 nocturnaque
1187 827 1326 876 bella,

204 899 311 947 Aut,
333 895 406 936 uhi
425 908 559 938 curva
578 895 734 937 choros
755 897 912 938 indixit
929 896 1035 937 tibia
1055 895 1240 945 Bacchi,

202 967 459 1019 Exspectare
476 964 623 1019 dapes.
646 969 689 1007 et
708 967 850 1019 plenae
868 967 1026 1019 pocula
1048 977 1210 1008 mensae
1228 982 1239 1014 ς

204 1036 282 1077 Hic
297 1046 433 1082 amor,
455 1035 538 1077 hoc
553 1035 748 1076 studium
765 1052 774 1083 ;
795 1034 901 1076 dum
916 1047 1037 1077 sacra
1051 1035 1273 1077 secundus
1287 1034 1506 1087 haruspex

204 1104 397 1153 Nuntiet,
425 1114 475 1146 ac
491 1104 613 1146 lucos
632 1107 764 1145 vocet
778 1104 918 1145 hostia
939 1103 1113 1158 pinguis
1130 1104 1176 1145 in
1193 1103 1318 1145 altos.
1339 1119 1353 1139 υ

250 1176 355 1215 Haec
373 1171 528 1215 effatus
548 1206 556 1220 ‚
580 1184 744 1225 equum
775 1174 822 1213 in
839 1172 1032 1220 medios,
1057 1174 1303 1215 moriturus
1322 1178 1364 1215 et
1385 1174 1477 1228 ipse
1495 1205 1505 1224 ,

204 1244 399 1284 Concitat
413 1274 424 1294 ‚
445 1246 489 1285 et
504 1244 674 1286 Venulo
694 1242 926 1285 adversum
946 1255 991 1286 se
1012 1242 1210 1285 turbidus
1225 1241 1361 1285 infert
1375 1274 1384 1289 ‚

204 1315 526 1367 Dereptumque
545 1314 598 1355 ab
614 1325 728 1367 equo
746 1313 896 1355 dextra
919 1313 1231 1367 complectitur
1250 1314 1450 1357 hostem,

203 1385 254 1424 Et
266 1383 483 1436 gremium
499 1386 600 1425 ante
620 1394 749 1425 suum
767 1382 908 1424 multa
922 1384 967 1424 vi
991 1383 1194 1426 concitus
1214 1382 1373 1426 aufert.

206 1454 386 1496 Tollitur
404 1455 449 1494 iu
471 1456 631 1497 coelum
652 1456 842 1500 clamor3
866 1454 1102 1507 cunctique
1125 1454 1270 1496 Latini

206 1524 469 1565 Convertere
489 1521 655 1564 oculos.
672 1522 795 1565 Volat
810 1525 962 1575 igneus
982 1534 1159 1576 aequore
1175 1524 1360 1568 Tarcho,

205 1594 335 1633 Arma
355 1591 591 1645 virumque
611 1590 779 1641 fereus;
803 1596 895 1634 tum
913 1603 1086 1634 summa
1104 1593 1242 1645 ipsius
1263 1593 1315 1635 ab
1333 1593 1458 1635 hasta

207 1660 422 1715 Detringit
438 1661 603 1704 ferrum
621 1692 629 1708 ,
649 1664 693 1704 et
710 1667 855 1716 partes
876 1662 1061 1704 rimatur
1077 1666 1247 1715 apertas
1262 1693 1274 1714 ‚

207 1733 296 1781 Qua
314 1731 473 1774 vulnus
490 1731 622 1775 letale
642 1731 755 1774 ferat
777 1750 786 1773 :
807 1735 963 1775 contra
985 1733 1054 1773 ille
1071 1744 1326 1786 repugnans

205 1803 396 1845 Sustinet
413 1815 437 1844 a
449 1803 605 1854 jugulo
627 1802 838 1850 dextram,
864 1804 908 1843 et
927 1802 1020 1843 vim
1035 1802 1203 1843 viribus
1222 1803 1326 1843 exit.

206 1873 343 1924 thue
362 1873 513 1914 volans
532 1873 618 1914 alte
634 1875 810 1926 raptum
830 1883 968 1925 quun]
985 1870 1099 1912 fulva
1120 1871 1360 1914 draconem

208 1943 302 1984 Fert
315 1942 475 1996 aquila,
493 1943 797 1996 implicuitque
808 1943 957 1996 pedes,
971 1945 1104 1994 atque
1119 1943 1344 1995 unguibus
1360 1941 1512 1984 haesit:

207 2012 382 2053 Saucius
398 2015 443 2053 at
460 2023 640 2065 serpens
659 2013 841 2053 sinuosa
864 2011 1094 2053 volumina
1115 2015 1284 2062 versat,

208 2081 491 2135 Adrectisque
512 2080 662 2123 horret
678 2082 883 2134 squamis,
905 2085 949 2124 et
966 2081 1112 2123 sibilat
1130 2091 1222 2128 ore.

210 2152 378 2193 Arduus
394 2150 628 2204 insurgens
647 2151 747 2193 :illa
767 2150 883 2192 haud
904 2152 1050 2192 minus
1069 2153 1199 2203 urget
1216 2150 1394 2193 obunco

209 2223 465 2264 Luctantem
482 2226 655 2268 rostro,
677 2220 811 2263 simul
829 2221 992 2263 {ethera
1011 2222 1217 2263 verberat
1237 2220 1334 2263 alis.

210 2292 333 2334 Haud
349 2293 474 2335 aliter
491 2291 683 2347 praedam
702 2292 932 2334 Tiburtum
947 2303 999 2334 ex
1017 2292 1194 2345 agmine
1209 2290 1381 2334 Tarcho

209 2364 356 2404 Portat
376 2373 528 2405 ovans.
547 2362 679 2404 Ducis
700 2362 950 2414 exemplum
972 2364 1267 2414 eventumque
1287 2361 1423 2404 secuti

212 2432 431 2475 Maeonidae
453 2434 702 2476 incurrunt.
720 2436 832 2475 Tum
852 2430 950 2475 fatis
970 2432 1146 2475 debitus
1165 2436 1335 2475 Arruns
