1917 2942
378 324 455 362 522
904 326 1152 365 AENEIDOS
1603 331 1682 369 606

380 412 687 461 Auroramque
699 410 821 463 sequi
838 441 846 455 ,
869 408 1141 463 Parthosque
1156 421 1385 465 reposcere
1401 413 1539 465 sigua.

430 482 539 521 Sunt
558 481 744 531 geminae
762 480 871 522 Belli
894 485 1033 533 portae
1053 484 1067 533 (
1086 482 1147 522 sic
1161 483 1343 524 nomine
1364 481 1549 535 dicunt)

381 549 611 601 Religione
629 561 760 592 sacrae
779 552 823 593 et
841 550 941 591 saevi
963 546 1198 591 formidine
1222 551 1369 592 Martis
1387 567 1396 591 ε

380 622 569 661 Centum
588 620 687 661 aerei
705 619 918 661 claudunt
932 623 1103 667 vectes,
1127 623 1377 673 aeternaque
1397 620 1501 663 ferri

380 688 553 729 Robora
567 706 575 733 ;
595 700 679 731 nec
693 692 837 731 custos
856 689 1021 731 absistit
1035 689 1185 731 limine
1200 692 1225 729 J
1230 701 1353 731 anus.

379 762 467 800 Has
486 790 494 807 ,
514 759 586 801 ubi
603 762 723 801 certa
742 759 866 802 sedet
883 759 1078 811 patribus
1095 761 1313 802 sententia
1334 772 1515 815 pugnae‚

381 831 477 882 lpse
495 859 505 879 ,
523 828 737 878 Quirinali
761 829 910 870 trabea
927 828 1162 881 cinctuque
1187 829 1359 870 Gabino

379 899 584 949 Insignis,
604 903 769 941 reserat
785 897 1180 942 stridentialimina
1200 899 1354 940 consul
1372 916 1382 946 ;

379 970 480 1021 Ipse
495 972 622 1011 vocat
640 980 809 1023 pugnas
827 970 1048 1023 :sequitur
1064 971 1159 1009 'turn
1181 972 1327 1011 cetera
1342 969 1497 1022 pubes,

380 1040 592 1091 AEreaque
613 1038 800 1080 adsensu
823 1038 1083 1091 conspirant
1096 1048 1262 1080 cornua
1278 1048 1426 1081 rauco.

379 1109 476 1148 Hoc
496 1108 541 1149 et
557 1106 649 1147 tum
663 1105 864 1149 AEneadis
884 1106 1080 1149 indicere
1099 1106 1216 1148 bella
1237 1107 1417 1148 Latinus

379 1181 499 1218 More
513 1176 770 1227 jubebatur,
792 1178 1024 1229 tristesque
1042 1176 1270 1219 recludere
1284 1180 1448 1231 portas.

381 1246 608 1287 Abstinuit
625 1248 743 1288 tactu
762 1248 886 1299 pater
900 1276 910 1296 ‚
933 1257 1199 1298 aversusque
1213 1245 1376 1297 refugit

379 1314 514 1356 Foeda
530 1315 794 1362 ministeria,
814 1320 856 1358 et
873 1316 999 1357 caecis
1015 1326 1060 1357 se
1075 1313 1275 1357 condidit
1294 1314 1475 1356 umbris.

381 1388 492 1426 Tum
506 1386 659 1437 regina
673 1385 804 1428 desim
820 1386 934 1428 coelo
951 1385 1130 1439 delapsa
1145 1388 1369 1427 morantes

352 1483 355 1485 »
379 1455 562 1510 Impulit
574 1457 667 1508 ipsa
682 1467 816 1497 manu
834 1459 1009 1510 portas,
1035 1460 1077 1498 et
1093 1455 1272 1498 cardine
1285 1466 1411 1498 verso

381 1525 494 1569 Belli
510 1525 692 1568 serratos
716 1526 835 1579 rupit
853 1527 1054 1567 Saturnia
1067 1528 1227 1579 postes.

381 1595 522 1638 Ardet
536 1595 718 1638 inexcita
736 1595 930 1637 Ausonia
947 1597 1077 1647 atque
1094 1594 1330 1636 immobilis
1348 1598 1475 1637 ante:

383 1669 489 1707 Pars
502 1665 635 1720 pedes
651 1667 715 1708 ire
733 1668 861 1719 parat
875 1665 1067 1718 campis;
1089 1677 1192 1719 pars
1212 1665 1373 1707 arduus
1391 1665 1491 1707 altis

383 1736 721 1778 Pulverulentus
737 1732 983 1788 equisfurit
1003 1750 1013 1774 :
1030 1745 1181 1777 omnes
1195 1748 1316 1778 arina
1331 1737 1583 1789 requirunt.
1605 1746 1616 1752 ‘

383 1810 487 1848 Pars
503 1807 621 1849 leves
639 1806 802 1858 clipeos
821 1808 865 1848 et
882 1806 1051 1860 spicula
1068 1805 1217 1848 lucida
1233 1809 1411 1859 tergunt

381 1876 545 1917 Arvina
560 1874 738 1928 pingui,
756 1874 1052 1927 subiguntque
1069 1875 1117 1915 in
1137 1877 1235 1918 cote
1254 1886 1450 1924 secures;

380 1946 597 1997 Signaque
614 1942 726 1985 ferre
737 1945 887 1994 juvat,
913 1945 1170 1997 sonitusque
1192 1944 1343 1987 audire
1362 1946 1580 1987 tubarum.

379 2014 584 2068 Quinque
600 2013 709 2055 adeo
727 2023 897 2066 magnae
915 2014 1069 2069 positis
1086 2013 1319 2057 incudibus
1334 2015 1462 2056 urbes

380 2086 483 2127 Tela
499 2085 690 2132 novant,
712 2085 844 2126 Atina
860 2086 1017 2138 potens
1031 2115 1041 2132 ‚
1060 2085 1280 2138 Tiburque
1298 2085 1561 2138 superbum,

383 2155 549 2203 Ardea,
571 2156 935 2209 Crustumerique
954 2188 964 2205 ,
991 2159 1036 2198 et
1055 2157 1289 2209 turrigerae
1312 2159 1562 2199 Antemnae.

382 2226 593 2278 Tegmina
613 2228 703 2268 tuta
723 2229 880 2268 cavant
900 2227 1119 2279 capitum,
1139 2225 1408 2280 flectuntque
1424 2228 1609 2279 salignas

383 2294 634 2337 Umbonum
649 2298 787 2339 crates
804 2313 814 2345 ;
837 2296 913 2338 alii
929 2296 1133 2339 thoracas
1149 2296 1279 2339 aenos
1293 2326 1303 2343 .

384 2369 474 2406 Aut
489 2366 606 2408 leves
627 2376 775 2408 ocreas
789 2366 914 2408 lento
930 2366 1102 2409 ducunt
1128 2369 1336 2419 argentm

383 2436 582 2478 vomeris
600 2435 709 2482 huc,
733 2440 776 2478 et
792 2434 910 2478 falcis
928 2436 1089 2482 honos,
1118 2436 1202 2478 huc
1223 2437 1364 2478 omnis
1382 2438 1513 2478 aratri

1350 2539 1363 2561 X
