1917 2942
314 299 394 337 {223
805 305 1133 346 GEORGICON

313 387 490 429 Scilicet
505 385 592 428 huc
611 386 740 429 reddi
757 387 918 433 deinde
938 403 988 434 ac
1006 394 1201 436 resoluta
1216 397 1372 440 referri

310 455 494 502 Omnia3
514 465 601 496 nec
617 458 748 497 morti
770 469 863 499 esse
881 461 1051 502 locum.
1076 462 1153 503 sed
1174 464 1275 506 viva
1294 467 1446 508 volare

310 524 473 566 Sideris
487 526 533 568 in
552 537 815 573 numerum,
838 531 969 582 atque
989 532 1076 573 alto
1092 533 1332 577 succedere
1351 537 1480 579 coelo,

361 593 404 635 Si
422 594 601 647 quando
615 593 766 637 sedem
787 601 1017 647 angustam
1037 605 1297 663 servataque
1317 605 1452 648 mella

309 663 538 707 ‘sliesauris
563 665 744 713 rennes,
766 669 889 721 prius
910 668 1067 712 haustu
1085 683 1257 727 sparsus
1274 686 1490 729 aquarum

308 738 394 777 Ora
412 735 513 777 fove
532 765 542 781 ,
564 734 797 791 fumosque
815 750 950 780 manu
969 742 1195 794 praetende
1211 755 1433 797 sequaces.

306 805 379 846 Bis
395 804 600 858 gravidos
618 796 785 861 cogunt
808 806 922 850 setus
937 841 947 856 ,
974 809 1065 851 duo
1087 812 1283 865 tempora
1297 816 1469 862 messi&

305 878 495 929 Taygete
509 877 642 919 simul
661 889 709 920 os
727 878 851 919 terris
872 880 1065 921 ostendit
1082 880 1319 924 honestum

304 944 419 986 Plias
437 976 446 992 ,
469 948 514 986 et
531 948 698 988 Oceani
722 950 893 1001 spretos
908 948 1021 1002 pede
1043 950 1238 1004 reppulit
1255 964 1429 1001 amnem

303 1017 392 1061 Aut
419 1014 572 1058 eadem
593 1016 712 1058 sidus
733 1017 904 1069 fugiens
923 1018 997 1060 ubi
1020 1019 1155 1061 Piscis
1175 1023 1326 1073 aquosi

300 1087 486 1127 Tristior
500 1084 706 1129 hibernas
723 1088 835 1129 coelo
851 1087 1081 1130 descendit
1098 1089 1147 1129 in
1166 1090 1324 1132 undas.

356 1154 444 1196 Illis
464 1154 531 1196 ira
547 1155 731 1196 modum
749 1167 885 1209 snpra
905 1159 991 1203 est,
1013 1157 1219 1211 laesaeque
1233 1171 1462 1203 venenum

301 1223 515 1265 Morsibus
537 1224 779 1278 inspirant,
802 1227 845 1266 et
860 1226 1027 1278 spicula
1044 1237 1161 1268 casca
1181 1227 1439 1282 relinquunt

298 1293 463 1335 Adlixae
477 1293 602 1337 venis
618 1325 626 1341 ,
655 1295 910 1348 animasque
927 1295 975 1336 iu
989 1295 1176 1338 vulnere
1194 1302 1385 1352 ponunt.

298 1365 398 1406 Sin.
419 1364 578 1406 duram
599 1369 772 1406 metues
790 1364 984 1407 hiemem
1003 1398 1011 1414 ,
1036 1377 1278 1420 parcesque
1300 1367 1478 1412 futuro.

298 1436 605 1487 contusosque
619 1436 789 1476 animos
804 1437 849 1477 et
866 1446 935 1476 res
952 1435 1218 1479 miserabere
1238 1437 1395 1481 fractas
1414 1455 1423 1487 3

298 1509 352 1551 At
370 1502 520 1546 suffire
543 1504 695 1556 thymo
713 1536 721 1552 ,
743 1514 955 1557 cerasque
977 1504 1176 1547 recidere
1198 1508 1373 1555 inanes,

297 1576 403 1625 Quis
419 1574 620 1616 dubitet?
639 1585 744 1615 nam
762 1585 879 1628 saepe
897 1574 1019 1615 savos
1038 1574 1218 1626 ignotus
1233 1577 1381 1619 adedit

296 1646 471 1692 Stelli03
494 1648 538 1686 et
554 1643 759 1696 lucifugis
775 1647 981 1696 congesta
999 1644 1161 1687 cubilia
1178 1644 1326 1691 blattis
1345 1662 1355 1694 ;

293 1714 596 1767 Immunisque
613 1713 770 1755 sedens
784 1712 924 1754 aliena
935 1712 990 1753 ad
1012 1714 1172 1766 pabula
1191 1713 1317 1756 fucus
1330 1746 1341 1763 ,

294 1786 384 1824 Aut
401 1793 529 1836 asper
544 1780 702 1824 crabro
721 1782 962 1834 imparibus
982 1793 1028 1823 se
1043 1782 1286 1825 immiscuit
1299 1785 1428 1832 armis
1445 1801 1461 1833 ‚t

295 1856 383 1900 Aut
402 1852 575 1902 dirum,
602 1852 735 1894 tineae
751 1881 761 1899 ‚
783 1862 947 1904 genus,
971 1853 1047 1893 aut
1066 1852 1211 1895 invisa
1223 1854 1433 1895 Minervas

294 1925 433 1969 Laxos
454 1923 496 1962 in
517 1920 685 1963 foribus.
699 1920 927 1974 suspendit
947 1933 1113 1964 aranea
1127 1932 1286 1965 casses.

291 1995 389 2042 Quo
405 1992 545 2045 magis
561 1990 779 2033 exhaustae
795 1988 959 2034 fuerint
979 2023 987 2039 ,
1005 1991 1090 2033 hoc
1110 1993 1253 2043 acrius
1264 2003 1424 2036 ⁴omnes

290 2063 553 2105 incumbent
570 2061 740 2114 generis
755 2061 866 2115 lapsi
881 2062 1045 2104 sarcire
1066 2064 1215 2104 ruinas
1231 2095 1239 2109 ,

287 2128 670 2186 complebuntque
689 2130 809 2172 foros
821 2161 833 2181 ,
858 2132 903 2172 et
917 2128 1102 2173 floribus
1120 2131 1283 2174 horrea
1300 2135 1469 2174 texent.

336 2203 379 2244 Si
398 2213 508 2244 vero
527 2236 535 2248 ,
560 2189 769 2256 quoniam
791 2211 918 2243 casus
933 2201 1090 2255 apibus
1105 2212 1285 2255 quoque
1300 2206 1474 2244 nostros

282 2274 382 2314 Vita
399 2272 524 2320 tulit,
553 2271 663 2313 tristi
681 2270 956 2324 languebunt
969 2282 1159 2325 cor-pora
1179 2273 1360 2321 morbo;

289 2341 420 2394 Quod
431 2344 524 2395 jam
540 2353 632 2383 non
651 2340 793 2390 dubiis
803 2340 971 2396 poteris
993 2351 1264 2394 cognoscere
1282 2342 1417 2395 signis
1438 2356 1447 2378 .-

278 2410 506 2453 continuo
527 2413 592 2452 est
608 2408 734 2461 aegris
756 2408 862 2456 alius
883 2407 1033 2457 color;
1064 2408 1243 2454 horrida
1266 2410 1438 2452 vultum

1550 317 1575 354 {a

1578 318 1608 355 r>

1608 319 1630 355 ΜΕ
