1917 2942
361 343 439 383 4¹8
883 344 1139 383 AENEIDOS
1588 345 1660 385 400

413 432 601 481 Jamque
618 430 811 470 oratores
828 428 1011 471 aderaut
1030 440 1079 470 rx
1095 428 1203 471 urbe
1223 430 1374 470 Latina
1389 462 1397 474 ,

362 496 502 539 Velati
521 497 652 538 ramis
672 499 778 540 oleae
797 528 805 543 .
828 498 1090 550 veniamque
1112 499 1318 549 rogantes
1341 515 1349 537 :

364 570 558 620 Corpora
576 598 585 615 ,
612 579 690 620 per
704 577 883 620 campos
900 567 1016 609 ferro
1033 579 1129 621 quas
1155 566 1248 609 fusa
1261 567 1488 618 jacebant.

365 637 590 681 Redderet
607 670 616 685 ,
636 649 686 680 ac
706 637 876 680 tumulo
896 638 1061 679 sineret
1077 636 1312 680 succedere
1334 641 1482 685 terrae3

364 706 550 748 Nullum
569 717 670 747 curn
690 704 815 748 victis
835 709 1061 747 certamen
1081 707 1125 747 et
1144 703 1306 746 aethere
1326 705 1454 746 cassis
1471 722 1481 753 ;

364 779 573 819 Parceret
590 776 833 829 hospitibus
848 775 1072 829 quondam
1090 775 1339 828 socerisque
1353 778 1532 818 voeatis.

365 848 483 897 Quos
497 846 641 888 bonus
659 849 814 887 AEneas
828 875 838 891 ,
856 845 975 886 haud
1000 846 1273 899 aspernanda
1286 851 1536 898 precantes.

366 916 657 968 Prosequitur
676 913 805 956 venia
823 944 831 961 ‚
855 915 897 955 et
916 913 1064 955 verbis
1085 914 1179 956 haec
1201 913 1381 967 insuper
1400 914 1523 956 addit
1544 927 1551 950 =

423 999 441 1021 α
461 986 671 1033 Quaenam
693 994 768 1025 vos
787 987 909 1023 tanto
929 987 1124 1024 Fortuna
1141 982 1343 1034 indigna.
1368 984 1508 1026 Latini
1529 1017 1537 1032 ,

367 1053 592 1106 Implicuit
607 1052 747 1105 bello,
769 1054 841 1106 qui
860 1063 940 1095 nos
957 1052 1131 1105 fugiatis
1152 1053 1345 1094 amicos?

368 1127 529 1166 Pacem
547 1134 616 1165 me
632 1124 841 1166 exanimis
861 1125 904 1165 et
925 1123 1072 1164 Martis
1092 1126 1210 1165 sorte
1230 1124 1439 1177 peremtis

371 1194 544 1234 Oratis?
561 1192 763 1245 equidem
779 1193 824 1232 et
843 1192 949 1233 vivis
970 1192 1213 1235 concedere
1233 1192 1410 1234 vellem.

371 1264 466 1304 Nec
482 1263 584 1304 veni
603 1293 612 1309 ,
633 1262 714 1303 nisi
736 1260 821 1302 fata
838 1262 988 1303 locum
1006 1260 1243 1314 sedemque
1261 1261 1503 1307 dedissent:

373 1333 463 1373 Nec
477 1330 644 1374 bellum
659 1343 759 1373 cum
782 1333 911 1384 gente
927 1341 1032 1382 gero
1051 1343 1153 1373 :rex
1169 1334 1317 1371 nostra
1335 1331 1516 1384 reliquit

373 1400 601 1453 Hospitia,
626 1403 670 1442 et
688 1401 822 1441 Turni
842 1401 989 1454 potius
1008 1412 1054 1443 se
1071 1398 1258 1443 credidit
1275 1401 1423 1441 arinis.

374 1470 553 1522 AEquius
571 1468 672 1510 huic
688 1472 885 1510 Turnum
902 1468 1047 1510 fuerat
1062 1480 1106 1511 se
1126 1479 1354 1521 opponere
1372 1471 1517 1510 morti.

374 1538 418 1579 Si
436 1538 603 1580 bellum
619 1536 745 1580 finire
760 1549 893 1578 manu
908 1567 917 1583 ,
944 1539 976 1579 si
1001 1539 1162 1591 pellere
1175 1541 1362 1580 Teucros

375 1607 573 1661 Adparat
595 1621 604 1645 :
626 1607 692 1650 his
707 1618 882 1649 mecum
899 1608 1049 1649 decuit
1065 1618 1328 1650 concurrere
1347 1609 1466 1657 telis;

375 1680 410 1716 V
414 1678 520 1725 ixet‚
540 1678 610 1721 cui
628 1679 763 1720 vitam
779 1677 885 1719 deus
905 1682 980 1720 aut
997 1689 1073 1720 sua
1096 1678 1249 1721 dextra
1265 1677 1469 1721 dedisset.

377 1750 505 1790 Nunc
523 1749 584 1790 ite
603 1780 611 1797 ,
631 1751 676 1790 et
694 1748 863 1790 miseris
881 1747 1115 1800 supponite
1134 1747 1300 1790 civibus
1318 1748 1481 1799 ignem.
1503 1765 1518 1786 n

431 1818 608 1860 Dixerat
625 1821 793 1860 AEneas.
814 1817 900 1858 Olli
915 1817 1178 1870 obstupuere
1196 1817 1375 1860 silentes
1394 1834 1404 1866 3

377 1888 672 1940 conversique
697 1887 848 1931 oculos
867 1888 983 1930 inter
997 1899 1042 1930 se
1059 1890 1187 1941 atque
1203 1898 1282 1930 ora
1302 1890 1523 1931 tenebant.

377 1960 489 2000 Tum
508 1958 656 2001 senior
676 1967 936 2012 semperque
956 1956 1066 1999 odiis
1082 1962 1126 2001 et
1142 1957 1325 1999 crimine
1347 1961 1540 2001 Drances

379 2028 582 2071 Intensus
594 2029 750 2081 juveni
769 2031 939 2075 Turno,
961 2030 1022 2070 sic
1039 2039 1116 2072 ore
1134 2029 1332 2071 vicissim

386 2104 494 2142 Orsa
509 2097 642 2140 refert
663 2110 673 2135 t
699 2112 715 2134 ι
736 2100 771 2138 Ο
795 2095 905 2138 fama
923 2097 1101 2150 ingens,
1125 2098 1350 2149 ingentior
1369 2099 1522 2143 armis.

380 2169 458 2210 Vir
472 2171 661 2220 Trojane
674 2200 686 2218 ,
712 2167 866 2221 quibus
884 2169 995 2209 coelo
1012 2170 1054 2210 te
1068 2166 1270 2210 laudibus
1286 2170 1484 2222 aequem?

380 2240 407 2279 J
414 2239 630 2280 ustitiaene
647 2237 766 2291 prius
781 2237 929 2285 mirer.
949 2237 1111 2279 belline
1129 2236 1362 2279 laborum?

382 2311 417 2349 N
424 2320 472 2350 os
485 2319 593 2350 vero
608 2307 703 2349 liaec
718 2307 903 2361 patriam
925 2308 1036 2359 grati
1051 2307 1288 2365 referemus
1306 2306 1361 2348 ad
1376 2307 1525 2350 urben]
1541 2324 1550 2355 ;

384 2380 441 2421 Et
460 2382 525 2426 te,
547 2377 581 2419 si
595 2390 681 2431 qua
694 2378 812 2421 viam
826 2376 998 2421 dederit
1012 2375 1192 2419 fortuna
1205 2406 1219 2425 ,
1243 2376 1399 2418 Latino

387 2452 412 2490 J
417 2460 631 2503 ungemus
645 2448 752 2502 regi.
767 2450 945 2500 Quaerat
963 2447 1042 2490 sibi
1064 2446 1227 2490 [oedera
1241 2449 1425 2489 Turnus.
