1917 2942
259 288 305 325 18
591 283 922 324 GEORGICON
959 283 1121 323 LIBER
1149 283 1221 322 ΙΙΙ.
1510 283 1560 321 95

257 369 446 411 Centum
462 367 746 422 quadrijugos
774 367 949 420 agitabo
964 366 1019 410 ad
1040 365 1219 408 flumina
1237 378 1407 410 currus-

258 439 428 479 Cuncta
452 437 584 484 mhi,
608 436 825 490 Alpheum
842 436 1046 490 linquens
1061 436 1273 489 lucosque
1293 436 1530 484 Molorchi,

259 507 464 551 Cursibus
484 508 530 549 et
543 506 681 548 crudo
700 508 912 549 decernet
927 506 1098 548 Graecia
1115 508 1262 548 caestu.

260 582 384 634 Ipse,
408 582 541 632 caput
559 581 696 620 tonsae
714 576 829 619 foliis
846 582 1027 619 ornatus
1047 578 1196 622 olivae.

262 652 389 690 Dona
404 648 558 690 feram.
572 651 671 689 Jam
688 658 809 689 nunc
827 646 1044 689 solemnes
1065 647 1227 689 ducere
1245 658 1428 701 pompas

266 720 337 760 Ad
354 718 538 761 delubra
552 719 698 769 juvat,
719 727 939 769 eaesosque
961 716 1334 768 viderejuvencos
1354 734 1364 765 ;

265 788 344 831 Vel
358 799 492 831 scena
512 790 561 829 ut
577 787 710 829 versis
722 786 918 829 discedat
934 785 1169 835 frontibus,
1185 790 1321 840 utque

268 861 496 912 Purpurea
515 858 667 900 intexti
685 856 839 899 tollant
859 858 996 898 aulaea
1015 857 1233 898 Britanni,

269 928 502 971 luteribus
520 939 717 982 pugnam
735 938 790 969 ex
807 938 915 969 auro
928 925 1159 980 solidoque
1171 926 1411 981 elephanto

270 999 571 1052 Gangaridum
590 997 748 1040 faciam
762 1028 772 1044 ,
793 997 1061 1049 victorisque
1079 1007 1200 1039 arma
1214 998 1387 1047 Quirini
1402 1015 1415 1045 ς

271 1071 417 1122 Atque
434 1068 509 1111 hic
520 1066 763 1110 undantem
781 1066 897 1109 hello
916 1076 1216 1119 magnumque
1233 1065 1443 1110 fluentem

271 1138 440 1187 Nilum,
465 1148 515 1179 ac
529 1137 675 1179 navali
688 1139 918 1188 surgentes
938 1146 1025 1177 aere
1046 1134 1290 1179 columnas.

274 1208 448 1250 Addam
466 1207 595 1249 urbes
613 1207 725 1249 Asiae
746 1205 933 1248 domitas
949 1237 958 1253 ‚
974 1205 1243 1260 pulsumque
1259 1206 1473 1260 Niphaten
1493 1240 1503 1259 ,

273 1277 593 1330 Fidentemque
608 1275 709 1329 fuga
729 1275 941 1318 Parthum
962 1275 1188 1328 versisque
1202 1276 1371 1328 sagittis
1384 1308 1396 1321 ,

275 1351 329 1388 Et
344 1347 433 1388 duo
449 1348 575 1399 rapta
593 1357 726 1388 mauu
746 1345 919 1387 diverso
939 1356 990 1387 ex
1006 1344 1133 1387 hoste
1150 1348 1314 1399 tropaea
1333 1377 1344 1395 ‚

277 1421 434 1472 Bisque
454 1416 743 1472 triumphatas
758 1418 945 1468 utroque
961 1414 1014 1457 ab
1034 1417 1164 1459 litore
1183 1420 1351 1469 gentes.

275 1488 461 1530 Stabunt
477 1492 520 1530 et
535 1488 648 1529 Parii
667 1485 833 1538 lapides
851 1517 860 1534 ,
889 1486 1098 1539 spirantia
1114 1485 1239 1538 signa
1255 1516 1266 1534 ‚

278 1559 478 1600 Assaraci
499 1557 646 1611 proles
664 1588 673 1605 ,
695 1556 982 1608 demissaeque
997 1555 1050 1597 ab
1070 1557 1181 1597 Jove
1199 1555 1339 1606 gentis

280 1627 466 1670 Nomina
483 1657 493 1674 ‚
510 1630 706 1679 Trosque
724 1636 881 1679 parens
895 1655 905 1672 ‚
928 1626 972 1667 et
989 1626 1134 1676 Trojae
1154 1623 1368 1676 Cynthius
1392 1630 1557 1666 auctor.

282 1697 451 1740 Invidia
467 1696 617 1740 infelix
629 1697 780 1738 Furias
801 1706 1063 1749 amnemque
1084 1706 1285 1738 severum

280 1768 434 1820 Cocyti
452 1768 642 1815 metuet,
664 1768 891 1819 tortosque
901 1766 1061 1807 Ixionis
1080 1776 1266 1818 angues.

282 1841 614 1890 immanemque
634 1839 775 1878 rotam
790 1867 798 1883 ‚
818 1838 864 1878 et
877 1847 908 1877 n
927 1847 969 1877 η]
982 1835 1276 1888 exsuperabile
1289 1845 1455 1877 saxum.

283 1909 456 1949 Interea
474 1905 701 1958 Dryadum
721 1905 849 1948 silvas
864 1906 1084 1958 saltusque
1098 1915 1334 1957 sequamur

287 1977 502 2022 Intactos‚
521 1979 594 2017 tua
609 2005 619 2022 ‚
643 1979 852 2018 Maecenas
870 2005 879 2022 ‚
901 1974 1021 2016 haud
1041 1974 1188 2015 mollia
1203 1975 1337 2026 jussa.

287 2049 347 2088 Te
367 2045 459 2088 sine
482 2045 546 2086 nil
563 2045 700 2087 altum
716 2057 840 2087 mens
856 2044 1053 2086 inchoat.
1079 2047 1144 2086 En
1162 2056 1242 2098 age
1256 2075 1265 2092 ,
1290 2055 1445 2098 segnes

290 2119 460 2169 Rumpe
479 2127 649 2157 moras:
669 2117 802 2157 vocat
821 2115 989 2168 ingenti
1006 2116 1199 2157 clamore
1213 2114 1461 2164 Cithaeron,

288 2185 559 2237 Taygetique
574 2196 728 2231 canesq
751 2184 1048 2239 domitrixque
1064 2184 1310 2239 Epidaurus
1327 2197 1542 2241 equorum
1559 2203 1571 2235 ς

291 2258 346 2296 Et
364 2266 450 2297 vox
463 2254 650 2298 adsensu
666 2265 902 2297 nemorum
921 2254 1189 2308 ingeminata
1208 2257 1414 2310 remugit.

293 2328 392 2367 Mox
406 2327 549 2368 tamen
570 2324 770 2367 ardentes
786 2324 996 2378 adcingar
1011 2324 1157 2368 dicere
1178 2336 1349 2380 pugnas

292 2395 474 2436 amsaris
492 2426 500 2439 .
522 2397 565 2437 et
594 2405 755 2437 noincn
772 2395 885 2437 sauna
903 2398 967 2436 tot
987 2395 1101 2438 ferre
1122 2407 1200 2449 per
1219 2406 1357 2438 annos
1375 2428 1383 2444 ‚
