1917 2942
332 356 406 394 01ss
824 356 1156 395 GEORGICON
1593 359 1642 393 2155

328 444 396 481 ‘ru
410 444 560 482 tamen
579 451 602 495 e
622 440 706 481 levi
722 441 886 481 rimosa
903 440 1063 482 cubilia
1083 440 1187 482 limo

332 512 457 562 Unge
472 510 623 552 fovens
642 511 833 562 circum,
851 513 895 553 et
910 523 1029 554 raras
1044 525 1094 555 su
1101 524 1175 566 per
1190 514 1322 565 injice
1343 511 1538 555 frondes.

333 582 426 622 Neu
445 581 626 633 propius
646 581 767 623 [66115
790 585 933 622 taxum
951 584 1065 631 sine3
1089 594 1200 624 neve
1217 583 1425 625 rubentes

332 652 419 690 Ure
434 647 534 691 foco
552 660 761 698 cancros3
786 653 883 692 alta}
904 662 992 693 11611
1021 652 1151 694 crede
1170 653 1343 706 paludi,

332 724 420 760 Aut
435 720 508 761 ubi
527 719 637 762 odor
655 721 770 762 coeni
785 722 956 775 gravis,
980 725 1056 763 aut
1071 722 1145 764 ubi
1166 733 1361 765 concava
1385 724 1511 776 pulsu

328 793 439 831 Saxa
457 792 642 838 sonant,
661 792 869 845 vocisque
889 790 1058 834 offensa
1076 794 1259 833 resultat
1275 794 1439 844 imago.

385 860 515 909 Quod
532 868 728 914 superest
743 894 752 910 ‚
774 861 847 902 ubi
863 852 1036 914 pulsam
1052 862 1242 904 hiemem
1263 864 1335 905 501
1355 874 1511 904 aureus
1528 864 1614 914 egit

332 927 418 967 Sub
436 933 570 970 terras
583 962 592 977 ‚
612 929 862 983 coelumque
883 931 1031 972 aestiva
1048 932 1149 973 luce
1169 932 1376 973 reclusit:

331 996 422 1039 Illas
444 1000 658 1040 continuo
673 1002 806 1042 saltus
824 1001 1042 1054 silvasque
1060 1005 1317 1055 peragrant,

332 1069 676 1121 Purpureosque
695 1073 869 1111 metunt
890 1069 1018 1113 flores
1036 1102 1045 1118 ‚
1065 1073 1109 1113 et
1123 1069 1307 1113 flumina
1328 1072 1466 1113 libant

336 1140 516 1178 Summa
534 1137 668 1180 leves.
694 1140 812 1180 Hinc
831 1140 983 1180 nescio
1000 1152 1083 1192 qua
1101 1138 1335 1183 dulcedine
1354 1141 1465 1181 laetae

335 1207 601 1258 Progeniem
626 1207 842 1260 nidosque
859 1208 1009 1250 fovent
1032 1226 1042 1249 ε
1061 1209 1166 1251 111116
1186 1214 1277 1251 arie
1293 1213 1491 1253 recentes

334 1274 567 1316 Excudunt
581 1286 701 1317 ceras
719 1307 728 1324 ,
750 1283 792 1318 et
810 1276 943 1319 mella
967 1277 1137 1327 tenacia
1156 1275 1344 1331 fingunt.

336 1344 450 1386 Hine
468 1377 476 1392 ,
497 1346 571 1387 ubi
585 1347 676 1396 jam
697 1348 906 1388 emissum
924 1348 1067 1388 caveis
1084 1345 1140 1387 ad
1157 1347 1304 1389 sidera
1322 1348 1421 1390 60611

336 1415 452 1455 Nare
470 1427 547 1468 per
566 1419 761 1457 {estatem
775 1416 986 1470 liquidam
1008 1418 1253 1470 suspexeris
1270 1429 1426 1470 agmen
1444 1452 1452 1464 ,

335 1482 663 1536 obscuramque
687 1484 799 1524 trahi
814 1486 948 1525 vento
967 1485 1182 1527 mirabere
1204 1485 1367 1527 nubem
1385 1501 1395 1533 ς

337 1554 697 1607 Contemplator:
719 1565 850 1606 aquas
867 1553 1014 1595 dulces
1030 1585 1041 1605 ,
1060 1558 1105 1596 et
1131 1553 1314 1595 frondea
1333 1566 1506 1607 semper

336 1625 471 1664 Tecta
486 1625 658 1676 petunt.
681 1623 845 1665 Huc'iu
858 1624 999 1673 jussos
1015 1624 1225 1676 adsperge
1243 1634 1421 1677 sapores
1443 1656 1451 1671 ,

335 1691 455 1732 Trita
473 1691 771 1745 melisphylla,
789 1694 833 1733 et
849 1692 1060 1733 cerinthae
1080 1692 1272 1744 ignobile
1288 1704 1469 1746 gramen
1483 1709 1492 1740 ;

336 1761 650 1815 ‘tinnitusques
668 1762 733 1804 616
753 1793 762 1811 ,
783 1763 827 1804 et
849 1763 991 1803 Matris
1011 1765 1139 1816 quate
1160 1762 1363 1814 cymbala
1383 1763 1571 1804 circum.

336 1832 448 1883 Ipsae
466 1830 702 1872 consident
716 1830 945 1872 medicatis
964 1830 1140 1872 sedibus
1161 1847 1170 1869 ι
1190 1830 1295 1884 ipsae

343 1901 506 1942 lntiina
525 1911 648 1943 more
665 1912 744 1942 suo
763 1912 856 1943 sese
874 1901 923 1941 in
944 1901 1163 1942 cunabula
1178 1901 1388 1943 condent.

387 1970 464 2011 Sin
484 1973 632 2013 autem
652 1971 707 2012 ad
726 1982 921 2024 pugnam
937 1971 1122 2014 exierint
1140 1973 1153 2021 (
1161 1981 1263 2011 nam
1286 1971 1586 2024 saepeduobus

338 2038 531 2091 Regibus
548 2040 726 2082 incessit
746 2050 909 2093 magno
929 2039 1147 2082 discordia
1165 2041 1335 2090 motu),

340 2111 653 2162 Continuoque
670 2111 838 2152 animos
858 2110 975 2162 vulgi
993 2114 1036 2152 et
1055 2109 1326 2163 ’trepidantia
1346 2109 1467 2151 bello

339 2178 487 2235 Corda
502 2179 605 2222 licet
617 2181 749 2232 longe
761 2180 1043 2233 praesciscere
1067 2196 1076 2220 ε
1095 2190 1285 2233 namque
1300 2181 1523 2221 morantes

339 2249 518 2290 Martius
535 2249 607 2290 ille
623 2249 719 2289 aeris
738 2248 861 2290 rauci
877 2260 1016 2290 canor
1035 2249 1261 2302 increpat,
1281 2251 1326 2291 et
1340 2258 1427 2290 vox

339 2317 532 2359 Auditur
546 2316 709 2360 fractos
728 2318 894 2360 sonitus
912 2317 1081 2359 imitata
1100 2318 1323 2359 tubarum.

339 2392 450 2429 Tum
471 2386 652 2441 trepidae
671 2387 788 2430 inter
803 2398 849 2429 se
864 2392 1049 2436 coeunt,
1073 2387 1320 2441 pennisque
1336 2378 1571 2430 coruscant
1586 2405 1595 2435 ;

338 2458 599 2512 spiculaque
618 2460 839 2500 exacuunt
858 2457 1025 2505 rostris,
1046 2458 1286 2511 aptantque
1302 2458 1492 2499 lacertos
1508 2474 1517 2505 ;
