1917 2942
312 303 389 341 234
836 306 1091 345 AENEIDOS
1537 312 1560 349 ii

314 391 473 432 Tantos
488 390 563 431 illa
579 388 660 431 su'o
681 390 913 444 rumpebat
930 393 1111 445 pectore
1127 396 1323 445 questus.

365 464 520 502 AEneas
536 459 651 502 celsa
666 461 713 501 in
729 462 890 515 puppi,
913 464 1004 513 jam
1019 463 1166 505 certus
1186 463 1319 504 eundi
1337 495 1345 510 ‚

311 529 526 583 carpebat
543 541 721 572 somnos
738 560 746 575 ‚
766 530 894 572 rebus
906 532 1001 581 jam
1017 533 1099 573 rite
1114 532 1295 585 paratis.

310 598 424 640 Huic
440 609 486 640 se
499 597 640 640 forma
654 598 728 641 dei
749 600 871 640 vultu
890 599 1117 642 redeuntis
1132 599 1290 642 eodem

311 667 484 710 Obtulit
496 668 542 709 in
557 668 742 717 somnis,
769 681 1011 723 rursusque
1026 671 1085 711 ita
1102 671 1194 711 visa
1214 682 1396 714 monere
1411 675 1497 717 θεῖς
1549 727 1552 729 μ

308 739 471 780 Omnia
488 740 706 781 Mercurio
722 739 870 781 similis
886 772 895 785 ,
915 750 1182 793 vocemque,
1201 741 1502 796 coloremque,

309 809 363 848 Et
383 808 527 850 crines
542 805 679 850 ssavos
697 839 706 853 ‚
726 807 979 850 etmembra
998 807 1158 850 decora
1167 811 1384 860 juventae.

363 891 381 914 α
400 878 510 919 Nate
526 878 624 925 dea,
643 881 772 930 potes
791 875 876 918 hoc
894 877 973 917 sub
989 887 1092 919 casu
1114 877 1275 921 ducere
1292 891 1471 923 somnos
1487 883 1506 921 P

304 948 393 989 Nec
406 978 416 998 ‚
438 958 534 1000 quae
554 947 598 987 te
613 946 782 989 circum
797 948 916 989 stent
934 946 1094 989 deinde
1112 949 1310 1000 pericula
1336 952 1512 992 cernis?

304 1016 517 1057 Demens!
537 1026 619 1057 nec
633 1015 857 1070 Zephyros
878 1015 1000 1057 audis
1018 1017 1185 1071 spirare
1204 1018 1450 1060 secundos?

301 1086 385 1127 Illa
404 1085 531 1127 dolos
553 1085 788 1138 dirumque
806 1084 928 1127 nesas
947 1083 995 1128 in
1015 1089 1195 1139 pectore
1215 1089 1382 1134 versat,

302 1156 431 1197 Certa
444 1153 563 1195 moriv
577 1184 587 1201 .
608 1154 819 1207 varioque
834 1154 998 1196 irarum
1020 1152 1203 1196 fluctuat
1217 1167 1272 1197 ees
1281 1158 1342 1197 tu.

302 1224 402 1264 Non
419 1221 533 1275 fugis
550 1221 655 1263 hinc
678 1234 871 1275 praeceps
883 1253 893 1269 ‚
912 1222 1020 1264 dum
1037 1224 1313 1277 praecipitare
1330 1227 1517 1278 potestas
1532 1225 1552 1266 ’ἒ

301 1295 400 1334 Jam
418 1302 539 1333 mare
556 1291 726 1333 turbari
746 1291 942 1333 trabibus
957 1323 967 1338 ,
988 1303 1207 1344 saevasque
1227 1292 1393 1336 videbis

302 1361 531 1404 collucere
547 1361 662 1403 faces
680 1393 689 1409 ‚
706 1363 799 1411 jam
819 1360 991 1404 fervere
1009 1362 1143 1404 litora
1162 1360 1363 1410 flammis.

298 1431 342 1472 Si
364 1435 404 1473 te
422 1430 489 1471 his
503 1430 703 1481 adtigerit
720 1432 847 1472 terris
862 1434 1034 1473 Aurora
1049 1435 1311 1473 morantem.

300 1501 376 1541 Eia
393 1510 493 1552 age,
515 1511 671 1553 rumpe
684 1510 844 1542 moras.
863 1499 1039 1540 Varium
1056 1503 1099 1541 et
1117 1499 1328 1541 mutabile
1345 1511 1520 1555 semper

297 1568 496 1611 Femina.
516 1584 533 1606 ι
558 1569 628 1611 Sic
649 1568 774 1614 fatus,
796 1569 975 1611 noctise
991 1569 1230 1611 immiscuit
1244 1573 1366 1610 atrae.

348 1646 461 1685 Tum
480 1654 589 1685 vero
608 1646 777 1690 AEneaS,
799 1641 952 1684 subitis
966 1642 1200 1684 exterritus
1218 1642 1386 1685 umbris
1405 1673 1416 1693 ‚

295 1714 489 1767 Corripit
502 1724 526 1755 e
544 1723 702 1755 somno
718 1723 879 1767 corpus
896 1744 903 1761 ‚
928 1713 1157 1764 sociosque
1170 1710 1324 1765 fatigat
1340 1728 1350 1752 ;

295 1799 312 1823 α
330 1784 586 1838 Praecipites
599 1783 792 1836 vigilate,
806 1784 906 1830 viri,
924 1785 968 1825 et
980 1782 1198 1824 considite
1212 1781 1436 1828 transtri33

287 1855 450 1897 Solvite
466 1855 565 1896 vela
582 1853 670 1896 citi.
684 1855 822 1899 Deus,
845 1853 1007 1895 aethere
1025 1853 1179 1895 missus
1193 1854 1248 1895 ab
1268 1853 1372 1902 alto,

282 1925 510 1967 Festinare
528 1923 676 1975 fugam
691 1953 701 1970 ‚
723 1925 953 1976 tortosque
973 1922 1171 1965 incidere
1189 1922 1332 1969 funes,

284 1997 399 2037 Ecce
414 1994 580 2036 iterum
597 1992 814 2035 stimulat.
832 1993 1067 2045 Sequimur
1088 1996 1155 2040 te,
1177 1996 1327 2035 sancte
1347 1990 1554 2038 deorum.

283 2063 488 2115 Quisquis
505 2074 550 2105 es
568 2092 577 2110 ‚
597 2062 874 2117 imperioque
888 2063 1049 2104 iterum
1068 2073 1275 2116 paremus
1293 2063 1490 2105 ovantes.

275 2126 409 2175 :Adsis
428 2143 476 2179 o,
502 2131 789 2185 placidusque
806 2136 950 2183 juves,
974 2133 1019 2175 et
1038 2132 1179 2174 sidera
1198 2131 1310 2175 coelo

280 2204 443 2246 Dextra
458 2200 588 2245 feras·
610 2218 628 2241 υ
651 2203 793 2254 Dixit,
807 2204 1056 2257 vaginaque
1076 2204 1209 2257 eripit
1230 2213 1379 2246 ensem

275 2273 578 2319 Fulmineum,
594 2273 836 2327 strictoque
854 2273 958 2315 ferit
976 2273 1224 2316 retinacula
1243 2273 1376 2316 ferro.

274 2342 396 2384 Idem
411 2353 563 2384 omnes
579 2343 707 2384 simul
724 2342 860 2385 ardor
870 2342 1028 2391 habet;
1044 2343 1323 2395 rapiuntque,
1344 2345 1589 2395 ruuntquc2

274 2413 421 2455 Litora
442 2412 672 2455 deseruere
689 2428 698 2461 ;
716 2413 823 2453 latet
839 2413 918 2454 sub
933 2413 1140 2454 classibus
1161 2422 1335 2462 aequor:

1565 312 1587 350 01

1591 313 1614 350 011
