<?xml version="1.0" encoding="UTF-8"?>
<!DOCTYPE html PUBLIC "-//W3C//DTD XHTML 1.0 Transitional//EN"
    "http://www.w3.org/TR/xhtml1/DTD/xhtml1-transitional.dtd">
<html xmlns="http://www.w3.org/1999/xhtml" xml:lang="en" lang="en">
 <head>
  <title>
</title>
<meta http-equiv="Content-Type" content="text/html;charset=utf-8" />
  <meta name='ocr-system' content='tesseract 3.04.00' />
  <meta name='ocr-capabilities' content='ocr_page ocr_carea ocr_par ocr_line ocrx_word'/>
</head>
<body>
  <div class='ocr_page' id='page_1' title='image "./publiivirgiliim01unkngoog/publiivirgiliim01unkngoog_0343.png"; bbox 0 0 1917 2942; ppageno 0'>
   <div class='ocr_carea' id='block_1_1' title="bbox 269 305 1575 350">
    <p class='ocr_par' dir='ltr' id='par_1_1' title="bbox 269 305 1575 350">
     <span class='ocr_line' id='line_1_1' title="bbox 269 305 1575 350; baseline -0.005 -2"><span class='ocrx_word' id='word_1_1' title='bbox 269 312 345 350; x_wconf 67' lang='lat'>3124</span> <span class='ocrx_word' id='word_1_2' title='bbox 765 305 929 346; x_wconf 84' lang='lat' dir='ltr'>LIBER</span> <span class='ocrx_word' id='word_1_3' title='bbox 960 305 1076 344; x_wconf 80' lang='lat' dir='ltr'>vul.</span> <span class='ocrx_word' id='word_1_4' title='bbox 1501 306 1575 342; x_wconf 68' lang='lat'>541</span> 
     </span>
    </p>
   </div>
   <div class='ocr_carea' id='block_1_2' title="bbox 271 391 1583 2462">
    <p class='ocr_par' dir='ltr' id='par_1_2' title="bbox 271 391 1576 1410">
     <span class='ocr_line' id='line_1_2' title="bbox 273 391 1246 442; baseline -0.006 -5"><span class='ocrx_word' id='word_1_5' title='bbox 273 395 506 439; x_wconf 86' lang='lat' dir='ltr'>Parrhasio</span> <span class='ocrx_word' id='word_1_6' title='bbox 524 395 693 438; x_wconf 87' lang='lat' dir='ltr'>dictum</span> <span class='ocrx_word' id='word_1_7' title='bbox 709 395 854 434; x_wconf 85' lang='lat' dir='ltr'>Panos</span> <span class='ocrx_word' id='word_1_8' title='bbox 873 391 928 433; x_wconf 90' lang='lat' dir='ltr'>de</span> <span class='ocrx_word' id='word_1_9' title='bbox 944 401 1069 433; x_wconf 86' lang='lat' dir='ltr'>more</span> <span class='ocrx_word' id='word_1_10' title='bbox 1086 392 1246 442; x_wconf 82' lang='lat' dir='ltr'>Lycaei.</span> 
     </span>
     <span class='ocr_line' id='line_1_3' title="bbox 277 460 1298 511; baseline -0.006 -5"><span class='ocrx_word' id='word_1_11' title='bbox 277 468 364 508; x_wconf 79' lang='lat' dir='ltr'>Nec</span> <span class='ocrx_word' id='word_1_12' title='bbox 383 477 476 507; x_wconf 86' lang='lat' dir='ltr'>non</span> <span class='ocrx_word' id='word_1_13' title='bbox 496 469 541 507; x_wconf 90' lang='lat' dir='ltr'>et</span> <span class='ocrx_word' id='word_1_14' title='bbox 555 464 666 507; x_wconf 87' lang='lat' dir='ltr'>sacri</span> <span class='ocrx_word' id='word_1_15' title='bbox 684 463 904 504; x_wconf 82' lang='lat' dir='ltr'>monstrat</span> <span class='ocrx_word' id='word_1_16' title='bbox 915 471 1073 502; x_wconf 83' lang='lat' dir='ltr'>nemus</span> <span class='ocrx_word' id='word_1_17' title='bbox 1093 460 1271 511; x_wconf 73' lang='lat' dir='ltr'><strong>Argileti</strong></span> <span class='ocrx_word' id='word_1_18' title='bbox 1289 491 1298 506; x_wconf 90' lang='lat'><em>,</em></span> 
     </span>
     <span class='ocr_line' id='line_1_4' title="bbox 273 528 1459 586; baseline -0.002 -13"><span class='ocrx_word' id='word_1_19' title='bbox 273 537 561 586; x_wconf 74' lang='lat' dir='ltr'>&#39;testaturque</span> <span class='ocrx_word' id='word_1_20' title='bbox 579 533 727 574; x_wconf 91' lang='lat' dir='ltr'>Iocum</span> <span class='ocrx_word' id='word_1_21' title='bbox 743 561 753 578; x_wconf 89' lang='lat'>,</span> <span class='ocrx_word' id='word_1_22' title='bbox 773 533 817 572; x_wconf 86' lang='lat' dir='ltr'>et</span> <span class='ocrx_word' id='word_1_23' title='bbox 831 530 970 571; x_wconf 86' lang='lat' dir='ltr'>letum</span> <span class='ocrx_word' id='word_1_24' title='bbox 986 528 1115 571; x_wconf 87' lang='lat' dir='ltr'>docet</span> <span class='ocrx_word' id='word_1_25' title='bbox 1129 528 1319 583; x_wconf 84' lang='lat' dir='ltr'>hospitis</span> <span class='ocrx_word' id='word_1_26' title='bbox 1337 532 1459 582; x_wconf 85' lang='lat' dir='ltr'><strong>Argi.</strong></span> 
     </span>
     <span class='ocr_line' id='line_1_5' title="bbox 274 597 1330 656; baseline -0.004 -13"><span class='ocrx_word' id='word_1_27' title='bbox 274 603 389 646; x_wconf 87' lang='lat' dir='ltr'>Hinc</span> <span class='ocrx_word' id='word_1_28' title='bbox 409 603 462 644; x_wconf 88' lang='lat' dir='ltr'>ad</span> <span class='ocrx_word' id='word_1_29' title='bbox 478 602 709 656; x_wconf 68' lang='lat' dir='ltr'>Tarpeiam</span> <span class='ocrx_word' id='word_1_30' title='bbox 724 599 874 642; x_wconf 88' lang='lat' dir='ltr'>sedem</span> <span class='ocrx_word' id='word_1_31' title='bbox 893 601 937 639; x_wconf 89' lang='lat' dir='ltr'>et</span> <span class='ocrx_word' id='word_1_32' title='bbox 951 598 1165 652; x_wconf 82' lang='lat' dir='ltr'>Capitolia</span> <span class='ocrx_word' id='word_1_33' title='bbox 1183 597 1330 647; x_wconf 87' lang='lat' dir='ltr'>ducit,</span> 
     </span>
     <span class='ocr_line' id='line_1_6' title="bbox 276 666 1370 715; baseline -0.002 -4"><span class='ocrx_word' id='word_1_34' title='bbox 276 674 421 714; x_wconf 83' lang='lat' dir='ltr'>Aurea</span> <span class='ocrx_word' id='word_1_35' title='bbox 434 682 554 713; x_wconf 88' lang='lat' dir='ltr'>nunc</span> <span class='ocrx_word' id='word_1_36' title='bbox 569 700 579 715; x_wconf 87' lang='lat'><strong>.</strong></span> <span class='ocrx_word' id='word_1_37' title='bbox 599 669 707 711; x_wconf 92' lang='lat' dir='ltr'>olim</span> <span class='ocrx_word' id='word_1_38' title='bbox 724 667 997 710; x_wconf 81' lang='lat' dir='ltr'>silvestribus</span> <span class='ocrx_word' id='word_1_39' title='bbox 1013 666 1194 709; x_wconf 87' lang='lat' dir='ltr'>horrida</span> <span class='ocrx_word' id='word_1_40' title='bbox 1209 667 1370 710; x_wconf 86' lang='lat' dir='ltr'>dumis.</span> 
     </span>
     <span class='ocr_line' id='line_1_7' title="bbox 271 737 1306 793; baseline -0.003 -12"><span class='ocrx_word' id='word_1_41' title='bbox 271 744 370 781; x_wconf 83' lang='lat' dir='ltr'>Jam</span> <span class='ocrx_word' id='word_1_42' title='bbox 395 743 490 781; x_wconf 84' lang='lat' dir='ltr'>tum</span> <span class='ocrx_word' id='word_1_43' title='bbox 504 740 675 792; x_wconf 79' lang='lat' dir='ltr'>relligio</span> <span class='ocrx_word' id='word_1_44' title='bbox 691 739 875 793; x_wconf 84' lang='lat' dir='ltr'>pavidos</span> <span class='ocrx_word' id='word_1_45' title='bbox 899 737 1090 779; x_wconf 84' lang='lat' dir='ltr'>terrebat</span> <span class='ocrx_word' id='word_1_46' title='bbox 1115 743 1306 791; x_wconf 78' lang='lat' dir='ltr'>agrestes</span> 
     </span>
     <span class='ocr_line' id='line_1_8' title="bbox 274 807 1446 859; baseline -0.001 -9"><span class='ocrx_word' id='word_1_47' title='bbox 274 811 379 852; x_wconf 85' lang='lat' dir='ltr'>Dira</span> <span class='ocrx_word' id='word_1_48' title='bbox 397 809 485 851; x_wconf 90' lang='lat' dir='ltr'>loci</span> <span class='ocrx_word' id='word_1_49' title='bbox 502 824 513 855; x_wconf 79' lang='lat'>3</span> <span class='ocrx_word' id='word_1_50' title='bbox 528 810 619 859; x_wconf 84' lang='lat' dir='ltr'>jam</span> <span class='ocrx_word' id='word_1_51' title='bbox 644 811 736 848; x_wconf 88' lang='lat' dir='ltr'>tum</span> <span class='ocrx_word' id='word_1_52' title='bbox 754 808 906 849; x_wconf 86' lang='lat' dir='ltr'>silvam</span> <span class='ocrx_word' id='word_1_53' title='bbox 923 817 1160 858; x_wconf 78' lang='lat' dir='ltr'>saxumque</span> <span class='ocrx_word' id='word_1_54' title='bbox 1178 807 1446 850; x_wconf 86' lang='lat' dir='ltr'>tremebant.</span> 
     </span>
     <span class='ocr_line' id='line_1_9' title="bbox 277 875 1576 929; baseline 0 -11"><span class='ocrx_word' id='word_1_55' title='bbox 277 894 294 918; x_wconf 66' lang='grc' dir='ltr'>ε</span> <span class='ocrx_word' id='word_1_56' title='bbox 316 884 411 922; x_wconf 87' lang='grc' dir='ltr'>Ηο6</span> <span class='ocrx_word' id='word_1_57' title='bbox 431 889 587 920; x_wconf 85' lang='lat' dir='ltr'>nemus</span> <span class='ocrx_word' id='word_1_58' title='bbox 605 912 614 927; x_wconf 92' lang='lat'>,</span> <span class='ocrx_word' id='word_1_59' title='bbox 629 877 773 923; x_wconf 86' lang='lat' dir='ltr'>hunc,</span> <span class='ocrx_word' id='word_1_60' title='bbox 799 877 966 929; x_wconf 85' lang='lat' dir='ltr'>inquit.</span> <span class='ocrx_word' id='word_1_61' title='bbox 990 875 1201 917; x_wconf 79' lang='lat' dir='ltr'>frondoso</span> <span class='ocrx_word' id='word_1_62' title='bbox 1217 878 1384 920; x_wconf 88' lang='lat' dir='ltr'>vertice</span> <span class='ocrx_word' id='word_1_63' title='bbox 1403 878 1576 924; x_wconf 79' lang='lat' dir='ltr'>collem,</span> 
     </span>
     <span class='ocr_line' id='line_1_10' title="bbox 273 944 1560 1001; baseline -0.001 -11"><span class='ocrx_word' id='word_1_64' title='bbox 273 950 379 999; x_wconf 85' lang='lat' dir='ltr'>Quis</span> <span class='ocrx_word' id='word_1_65' title='bbox 400 946 519 993; x_wconf 81' lang='lat' dir='ltr'>deus.</span> <span class='ocrx_word' id='word_1_66' title='bbox 541 949 761 991; x_wconf 85' lang='lat' dir='ltr'>incertum</span> <span class='ocrx_word' id='word_1_67' title='bbox 777 945 1039 993; x_wconf 78' lang='lat' dir='ltr'>est,habitat</span> <span class='ocrx_word' id='word_1_68' title='bbox 1057 944 1190 987; x_wconf 86' lang='lat' dir='ltr'>deus:</span> <span class='ocrx_word' id='word_1_69' title='bbox 1208 945 1401 989; x_wconf 75' lang='lat' dir='ltr'><strong>Arcades</strong></span> <span class='ocrx_word' id='word_1_70' title='bbox 1415 948 1560 1001; x_wconf 83' lang='lat' dir='ltr'>ipsum</span> 
     </span>
     <span class='ocr_line' id='line_1_11' title="bbox 272 1017 1475 1069; baseline 0 -11"><span class='ocrx_word' id='word_1_71' title='bbox 272 1017 470 1061; x_wconf 88' lang='lat' dir='ltr'>Credunt</span> <span class='ocrx_word' id='word_1_72' title='bbox 491 1028 536 1059; x_wconf 85' lang='lat' dir='ltr'>se</span> <span class='ocrx_word' id='word_1_73' title='bbox 553 1017 713 1058; x_wconf 87' lang='lat' dir='ltr'>vidisse</span> <span class='ocrx_word' id='word_1_74' title='bbox 733 1019 891 1058; x_wconf 86' lang='lat' dir='ltr'>Jovem</span> <span class='ocrx_word' id='word_1_75' title='bbox 905 1045 914 1062; x_wconf 92' lang='lat'>,</span> <span class='ocrx_word' id='word_1_76' title='bbox 931 1026 1069 1068; x_wconf 85' lang='lat' dir='ltr'>quum</span> <span class='ocrx_word' id='word_1_77' title='bbox 1088 1026 1204 1069; x_wconf 84' lang='lat' dir='ltr'>saepe</span> <span class='ocrx_word' id='word_1_78' title='bbox 1223 1017 1475 1068; x_wconf 79' lang='lat' dir='ltr'>nigrantem</span> 
     </span>
     <span class='ocr_line' id='line_1_12' title="bbox 273 1086 1358 1140; baseline -0.001 -11"><span class='ocrx_word' id='word_1_79' title='bbox 273 1088 428 1140; x_wconf 85' lang='lat' dir='ltr'>AEgida</span> <span class='ocrx_word' id='word_1_80' title='bbox 447 1089 727 1133; x_wconf 83' lang='lat' dir='ltr'>concuteret,</span> <span class='ocrx_word' id='word_1_81' title='bbox 754 1086 905 1128; x_wconf 80' lang='lat' dir='ltr'>dextra</span> <span class='ocrx_word' id='word_1_82' title='bbox 925 1086 1188 1138; x_wconf 83' lang='lat' dir='ltr'>nimbosque</span> <span class='ocrx_word' id='word_1_83' title='bbox 1208 1087 1358 1129; x_wconf 81' lang='lat' dir='ltr'>cieret.</span> 
     </span>
     <span class='ocr_line' id='line_1_13' title="bbox 273 1154 1295 1210; baseline 0 -13"><span class='ocrx_word' id='word_1_84' title='bbox 273 1161 378 1200; x_wconf 84' lang='lat' dir='ltr'>Haec</span> <span class='ocrx_word' id='word_1_85' title='bbox 398 1156 485 1198; x_wconf 85' lang='lat' dir='ltr'>duo</span> <span class='ocrx_word' id='word_1_86' title='bbox 505 1160 717 1210; x_wconf 68' lang='lat' dir='ltr'>praeterea</span> <span class='ocrx_word' id='word_1_87' title='bbox 738 1154 929 1206; x_wconf 67' lang='lat' dir='ltr'>disjectis</span> <span class='ocrx_word' id='word_1_88' title='bbox 950 1155 1113 1208; x_wconf 79' lang='lat' dir='ltr'>oppida</span> <span class='ocrx_word' id='word_1_89' title='bbox 1133 1156 1271 1197; x_wconf 86' lang='lat' dir='ltr'>muris</span> <span class='ocrx_word' id='word_1_90' title='bbox 1285 1186 1295 1203; x_wconf 89' lang='lat'><em>,</em></span> 
     </span>
     <span class='ocr_line' id='line_1_14' title="bbox 273 1222 1471 1279; baseline -0.001 -14"><span class='ocrx_word' id='word_1_91' title='bbox 273 1226 494 1279; x_wconf 81' lang='lat' dir='ltr'>Reliquias</span> <span class='ocrx_word' id='word_1_92' title='bbox 508 1228 798 1277; x_wconf 84' lang='lat' dir='ltr'>veterumque</span> <span class='ocrx_word' id='word_1_93' title='bbox 815 1222 934 1267; x_wconf 82' lang='lat' dir='ltr'>vides</span> <span class='ocrx_word' id='word_1_94' title='bbox 952 1230 1243 1266; x_wconf 85' lang='lat' dir='ltr'>monumenta</span> <span class='ocrx_word' id='word_1_95' title='bbox 1258 1224 1471 1267; x_wconf 80' lang='lat' dir='ltr'>virorum.</span> 
     </span>
     <span class='ocr_line' id='line_1_15' title="bbox 273 1293 1494 1348; baseline 0.002 -14"><span class='ocrx_word' id='word_1_96' title='bbox 273 1298 400 1336; x_wconf 83' lang='lat' dir='ltr'>Hanc</span> <span class='ocrx_word' id='word_1_97' title='bbox 419 1297 556 1336; x_wconf 86' lang='lat' dir='ltr'>Janus</span> <span class='ocrx_word' id='word_1_98' title='bbox 573 1298 709 1348; x_wconf 83' lang='lat' dir='ltr'>pater,</span> <span class='ocrx_word' id='word_1_99' title='bbox 731 1293 844 1335; x_wconf 90' lang='lat' dir='ltr'>hanc</span> <span class='ocrx_word' id='word_1_100' title='bbox 864 1295 1078 1334; x_wconf 86' lang='lat' dir='ltr'>Saturnus</span> <span class='ocrx_word' id='word_1_101' title='bbox 1098 1294 1301 1335; x_wconf 84' lang='lat' dir='ltr'>condidit</span> <span class='ocrx_word' id='word_1_102' title='bbox 1321 1305 1464 1338; x_wconf 85' lang='lat' dir='ltr'>arcem</span> <span class='ocrx_word' id='word_1_103' title='bbox 1485 1307 1494 1331; x_wconf 72' lang='grc' dir='ltr'><strong><em>ε</em></strong></span> 
     </span>
     <span class='ocr_line' id='line_1_16' title="bbox 272 1361 1364 1410; baseline -0.003 -6"><span class='ocrx_word' id='word_1_104' title='bbox 272 1364 526 1405; x_wconf 89' lang='lat' dir='ltr'>Janiculum</span> <span class='ocrx_word' id='word_1_105' title='bbox 542 1362 665 1410; x_wconf 85' lang='lat' dir='ltr'>huic,</span> <span class='ocrx_word' id='word_1_106' title='bbox 684 1362 745 1403; x_wconf 89' lang='grc'><strong>1111</strong></span> <span class='ocrx_word' id='word_1_107' title='bbox 768 1361 1123 1404; x_wconf 82' lang='lat' dir='ltr'>fueratSaturnia</span> <span class='ocrx_word' id='word_1_108' title='bbox 1144 1374 1325 1405; x_wconf 87' lang='lat' dir='ltr'>nomen.</span> <span class='ocrx_word' id='word_1_109' title='bbox 1347 1379 1364 1401; x_wconf 85' lang='lat'>»</span> 
     </span>
    </p>

    <p class='ocr_par' dir='ltr' id='par_1_3' title="bbox 274 1430 1582 1906">
     <span class='ocr_line' id='line_1_17' title="bbox 326 1430 1267 1475; baseline -0.001 -2"><span class='ocrx_word' id='word_1_110' title='bbox 326 1432 498 1475; x_wconf 73' lang='lat' dir='ltr'>&#39;salibus</span> <span class='ocrx_word' id='word_1_111' title='bbox 514 1433 631 1474; x_wconf 89' lang='lat' dir='ltr'>inter</span> <span class='ocrx_word' id='word_1_112' title='bbox 650 1443 696 1474; x_wconf 86' lang='lat' dir='ltr'>se</span> <span class='ocrx_word' id='word_1_113' title='bbox 715 1431 841 1473; x_wconf 83' lang='lat' dir='ltr'>dictis</span> <span class='ocrx_word' id='word_1_114' title='bbox 857 1430 911 1472; x_wconf 89' lang='lat' dir='ltr'>ad</span> <span class='ocrx_word' id='word_1_115' title='bbox 933 1434 1045 1473; x_wconf 85' lang='lat' dir='ltr'>tecta</span> <span class='ocrx_word' id='word_1_116' title='bbox 1061 1431 1267 1474; x_wconf 84' lang='lat' dir='ltr'>subibant</span> 
     </span>
     <span class='ocr_line' id='line_1_18' title="bbox 274 1502 1423 1558; baseline 0 -14"><span class='ocrx_word' id='word_1_117' title='bbox 274 1504 484 1558; x_wconf 86' lang='lat' dir='ltr'>Pauperis</span> <span class='ocrx_word' id='word_1_118' title='bbox 497 1502 714 1549; x_wconf 75' lang='lat' dir='ltr'>Evandri,</span> <span class='ocrx_word' id='word_1_119' title='bbox 733 1502 983 1557; x_wconf 87' lang='lat' dir='ltr'>passimque</span> <span class='ocrx_word' id='word_1_120' title='bbox 998 1504 1198 1544; x_wconf 86' lang='lat' dir='ltr'>armenta</span> <span class='ocrx_word' id='word_1_121' title='bbox 1212 1502 1423 1544; x_wconf 83' lang='lat' dir='ltr'>videbant</span> 
     </span>
     <span class='ocr_line' id='line_1_19' title="bbox 275 1561 1289 1625; baseline 0 -13"><span class='ocrx_word' id='word_1_122' title='bbox 275 1576 564 1625; x_wconf 83' lang='lat' dir='ltr'>Romanoque</span> <span class='ocrx_word' id='word_1_123' title='bbox 578 1575 694 1613; x_wconf 89' lang='lat' dir='ltr'>Foro</span> <span class='ocrx_word' id='word_1_124' title='bbox 712 1561 900 1613; x_wconf 55' lang='lat' dir='ltr'>et&#39;lautis</span> <span class='ocrx_word' id='word_1_125' title='bbox 918 1573 1089 1623; x_wconf 85' lang='lat' dir='ltr'>mugire</span> <span class='ocrx_word' id='word_1_126' title='bbox 1106 1571 1289 1614; x_wconf 85' lang='lat' dir='ltr'>Carinis.</span> 
     </span>
     <span class='ocr_line' id='line_1_20' title="bbox 276 1641 1502 1694; baseline 0.002 -13"><span class='ocrx_word' id='word_1_127' title='bbox 276 1642 335 1682; x_wconf 85' lang='lat' dir='ltr'>Ut</span> <span class='ocrx_word' id='word_1_128' title='bbox 351 1645 534 1684; x_wconf 83' lang='lat' dir='ltr'>ventum</span> <span class='ocrx_word' id='word_1_129' title='bbox 553 1641 608 1682; x_wconf 90' lang='lat' dir='ltr'>ad</span> <span class='ocrx_word' id='word_1_130' title='bbox 624 1641 749 1683; x_wconf 86' lang='lat' dir='ltr'>sedes</span> <span class='ocrx_word' id='word_1_131' title='bbox 771 1657 781 1681; x_wconf 65' lang='grc' dir='ltr'>ι</span> <span class='ocrx_word' id='word_1_132' title='bbox 806 1657 822 1678; x_wconf 76' lang='grc'>1(</span> <span class='ocrx_word' id='word_1_133' title='bbox 843 1645 948 1682; x_wconf 82' lang='lat' dir='ltr'>Haec</span> <span class='ocrx_word' id='word_1_134' title='bbox 962 1671 972 1687; x_wconf 87' lang='lat'>‚</span> <span class='ocrx_word' id='word_1_135' title='bbox 996 1641 1165 1694; x_wconf 86' lang='lat' dir='ltr'>inquit,</span> <span class='ocrx_word' id='word_1_136' title='bbox 1189 1641 1342 1684; x_wconf 82' lang='lat' dir='ltr'>limina</span> <span class='ocrx_word' id='word_1_137' title='bbox 1359 1642 1502 1684; x_wconf 87' lang='lat' dir='ltr'>victor</span> 
     </span>
     <span class='ocr_line' id='line_1_21' title="bbox 277 1711 1170 1764; baseline -0.003 -11"><span class='ocrx_word' id='word_1_138' title='bbox 277 1711 451 1754; x_wconf 85' lang='lat' dir='ltr'>Alcides</span> <span class='ocrx_word' id='word_1_139' title='bbox 472 1712 628 1760; x_wconf 82' lang='lat' dir='ltr'>subiit3</span> <span class='ocrx_word' id='word_1_140' title='bbox 649 1711 744 1754; x_wconf 82' lang='lat' dir='ltr'>haec</span> <span class='ocrx_word' id='word_1_141' title='bbox 761 1711 884 1753; x_wconf 89' lang='lat' dir='ltr'>illum</span> <span class='ocrx_word' id='word_1_142' title='bbox 903 1711 1021 1764; x_wconf 85' lang='lat' dir='ltr'>regia</span> <span class='ocrx_word' id='word_1_143' title='bbox 1038 1711 1170 1764; x_wconf 77' lang='lat' dir='ltr'>cepit.</span> 
     </span>
     <span class='ocr_line' id='line_1_22' title="bbox 278 1781 1582 1836; baseline 0 -14"><span class='ocrx_word' id='word_1_144' title='bbox 278 1782 418 1829; x_wconf 54' lang='lat' dir='ltr'>aaude,</span> <span class='ocrx_word' id='word_1_145' title='bbox 437 1782 613 1836; x_wconf 73' lang='lat' dir='ltr'>hospes,</span> <span class='ocrx_word' id='word_1_146' title='bbox 635 1784 920 1825; x_wconf 84' lang='lat' dir='ltr'>contemnere</span> <span class='ocrx_word' id='word_1_147' title='bbox 941 1792 1060 1834; x_wconf 83' lang='lat' dir='ltr'>opes,</span> <span class='ocrx_word' id='word_1_148' title='bbox 1087 1785 1188 1823; x_wconf 86' lang='grc'><strong>6116</strong></span> <span class='ocrx_word' id='word_1_149' title='bbox 1203 1793 1381 1834; x_wconf 91' lang='lat' dir='ltr'>quoque</span> <span class='ocrx_word' id='word_1_150' title='bbox 1398 1781 1582 1835; x_wconf 87' lang='lat' dir='ltr'>dignum</span> 
     </span>
     <span class='ocr_line' id='line_1_23' title="bbox 277 1851 1386 1906; baseline -0.002 -15"><span class='ocrx_word' id='word_1_151' title='bbox 277 1852 413 1906; x_wconf 82' lang='lat' dir='ltr'>Finge</span> <span class='ocrx_word' id='word_1_152' title='bbox 433 1851 516 1895; x_wconf 90' lang='lat' dir='ltr'>deo</span> <span class='ocrx_word' id='word_1_153' title='bbox 535 1868 545 1900; x_wconf 79' lang='lat'>3</span> <span class='ocrx_word' id='word_1_154' title='bbox 566 1853 782 1904; x_wconf 86' lang='lat' dir='ltr'>rebusque</span> <span class='ocrx_word' id='word_1_155' title='bbox 801 1852 903 1892; x_wconf 88' lang='lat' dir='ltr'>veni</span> <span class='ocrx_word' id='word_1_156' title='bbox 923 1862 1015 1892; x_wconf 86' lang='grc'><strong>11011</strong></span> <span class='ocrx_word' id='word_1_157' title='bbox 1037 1862 1165 1903; x_wconf 79' lang='lat' dir='ltr'>asper</span> <span class='ocrx_word' id='word_1_158' title='bbox 1185 1851 1351 1904; x_wconf 81' lang='lat' dir='ltr'>egenis.</span> <span class='ocrx_word' id='word_1_159' title='bbox 1370 1866 1386 1889; x_wconf 74' lang='grc'>11</span> 
     </span>
    </p>

    <p class='ocr_par' dir='ltr' id='par_1_4' title="bbox 274 1920 1296 2116">
     <span class='ocr_line' id='line_1_24' title="bbox 330 1920 1203 1975; baseline -0.001 -14"><span class='ocrx_word' id='word_1_160' title='bbox 330 1922 466 1969; x_wconf 84' lang='lat' dir='ltr'>Dixit,</span> <span class='ocrx_word' id='word_1_161' title='bbox 488 1925 532 1964; x_wconf 86' lang='lat' dir='ltr'>et</span> <span class='ocrx_word' id='word_1_162' title='bbox 549 1923 723 1975; x_wconf 79' lang='lat' dir='ltr'>angusti</span> <span class='ocrx_word' id='word_1_163' title='bbox 739 1922 888 1964; x_wconf 85' lang='lat' dir='ltr'>subter</span> <span class='ocrx_word' id='word_1_164' title='bbox 905 1920 1079 1973; x_wconf 85' lang='lat' dir='ltr'>fastigia</span> <span class='ocrx_word' id='word_1_165' title='bbox 1098 1920 1203 1963; x_wconf 90' lang='lat' dir='ltr'>tecti</span> 
     </span>
     <span class='ocr_line' id='line_1_25' title="bbox 274 1990 1296 2044; baseline -0.001 -12"><span class='ocrx_word' id='word_1_166' title='bbox 274 1994 510 2044; x_wconf 81' lang='lat' dir='ltr'>Ingentem</span> <span class='ocrx_word' id='word_1_167' title='bbox 526 1995 693 2034; x_wconf 76' lang='lat' dir='ltr'>AEnean</span> <span class='ocrx_word' id='word_1_168' title='bbox 712 1992 835 2032; x_wconf 81' lang='lat' dir='ltr'>duxit</span> <span class='ocrx_word' id='word_1_169' title='bbox 851 2022 860 2038; x_wconf 87' lang='lat'><em>,</em></span> <span class='ocrx_word' id='word_1_170' title='bbox 880 1991 1115 2043; x_wconf 83' lang='lat' dir='ltr'>stratisque</span> <span class='ocrx_word' id='word_1_171' title='bbox 1131 1990 1296 2033; x_wconf 84' lang='lat' dir='ltr'>locavit</span> 
     </span>
     <span class='ocr_line' id='line_1_26' title="bbox 276 2060 1200 2116; baseline 0 -15"><span class='ocrx_word' id='word_1_172' title='bbox 276 2060 487 2103; x_wconf 78' lang='lat' dir='ltr'>Effultum</span> <span class='ocrx_word' id='word_1_173' title='bbox 503 2061 617 2103; x_wconf 85' lang='lat' dir='ltr'>foliis</span> <span class='ocrx_word' id='word_1_174' title='bbox 633 2065 677 2102; x_wconf 91' lang='lat' dir='ltr'>et</span> <span class='ocrx_word' id='word_1_175' title='bbox 693 2061 806 2116; x_wconf 81' lang='lat' dir='ltr'>pelle</span> <span class='ocrx_word' id='word_1_176' title='bbox 825 2060 1056 2112; x_wconf 75' lang='lat' dir='ltr'>Libystidis</span> <span class='ocrx_word' id='word_1_177' title='bbox 1071 2072 1200 2102; x_wconf 82' lang='lat' dir='ltr'>ursae.</span> 
     </span>
    </p>

    <p class='ocr_par' dir='ltr' id='par_1_5' title="bbox 276 2130 1583 2462">
     <span class='ocr_line' id='line_1_27' title="bbox 327 2130 1397 2184; baseline 0 -13"><span class='ocrx_word' id='word_1_178' title='bbox 327 2133 420 2172; x_wconf 84' lang='lat' dir='ltr'>Nox</span> <span class='ocrx_word' id='word_1_179' title='bbox 438 2131 527 2172; x_wconf 85' lang='lat' dir='ltr'>ruit</span> <span class='ocrx_word' id='word_1_180' title='bbox 545 2164 554 2179; x_wconf 87' lang='lat'><em>,</em></span> <span class='ocrx_word' id='word_1_181' title='bbox 572 2135 615 2174; x_wconf 91' lang='lat' dir='ltr'>et</span> <span class='ocrx_word' id='word_1_182' title='bbox 635 2130 765 2172; x_wconf 79' lang='lat' dir='ltr'>tuscis</span> <span class='ocrx_word' id='word_1_183' title='bbox 784 2131 986 2173; x_wconf 87' lang='lat' dir='ltr'>tellurem</span> <span class='ocrx_word' id='word_1_184' title='bbox 1005 2130 1285 2184; x_wconf 81' lang='lat' dir='ltr'>amplectitur</span> <span class='ocrx_word' id='word_1_185' title='bbox 1305 2130 1397 2173; x_wconf 91' lang='lat' dir='ltr'>alis.</span> 
     </span>
     <span class='ocr_line' id='line_1_28' title="bbox 276 2199 1529 2255; baseline 0.004 -15"><span class='ocrx_word' id='word_1_186' title='bbox 276 2202 335 2240; x_wconf 83' lang='lat' dir='ltr'>At</span> <span class='ocrx_word' id='word_1_187' title='bbox 354 2202 503 2243; x_wconf 81' lang='lat' dir='ltr'>Venus</span> <span class='ocrx_word' id='word_1_188' title='bbox 521 2200 641 2242; x_wconf 88' lang='lat' dir='ltr'>haud</span> <span class='ocrx_word' id='word_1_189' title='bbox 660 2201 807 2242; x_wconf 86' lang='lat' dir='ltr'>animo</span> <span class='ocrx_word' id='word_1_190' title='bbox 826 2199 1129 2253; x_wconf 86' lang='lat' dir='ltr'>nequidquam</span> <span class='ocrx_word' id='word_1_191' title='bbox 1144 2202 1353 2245; x_wconf 83' lang='lat' dir='ltr'>exterrita</span> <span class='ocrx_word' id='word_1_192' title='bbox 1371 2206 1529 2255; x_wconf 81' lang='lat' dir='ltr'>mater,</span> 
     </span>
     <span class='ocr_line' id='line_1_29' title="bbox 279 2268 1353 2323; baseline 0.005 -15"><span class='ocrx_word' id='word_1_193' title='bbox 279 2272 640 2323; x_wconf 74' lang='lat' dir='ltr'>Laurentumque</span> <span class='ocrx_word' id='word_1_194' title='bbox 655 2270 786 2311; x_wconf 88' lang='lat' dir='ltr'>minis</span> <span class='ocrx_word' id='word_1_195' title='bbox 802 2273 846 2312; x_wconf 92' lang='lat' dir='ltr'>et</span> <span class='ocrx_word' id='word_1_196' title='bbox 863 2268 976 2311; x_wconf 88' lang='lat' dir='ltr'>duro</span> <span class='ocrx_word' id='word_1_197' title='bbox 992 2272 1115 2312; x_wconf 87' lang='lat' dir='ltr'>mota</span> <span class='ocrx_word' id='word_1_198' title='bbox 1134 2273 1325 2313; x_wconf 84' lang='lat' dir='ltr'>tumultu</span> <span class='ocrx_word' id='word_1_199' title='bbox 1342 2302 1353 2323; x_wconf 89' lang='lat'>‚</span> 
     </span>
     <span class='ocr_line' id='line_1_30' title="bbox 276 2337 1583 2396; baseline 0.005 -19"><span class='ocrx_word' id='word_1_200' title='bbox 276 2340 521 2381; x_wconf 78' lang='lat' dir='ltr'>Vulcanum</span> <span class='ocrx_word' id='word_1_201' title='bbox 535 2338 805 2390; x_wconf 87' lang='lat' dir='ltr'>adloquitur,</span> <span class='ocrx_word' id='word_1_202' title='bbox 826 2337 1106 2393; x_wconf 84' lang='lat' dir='ltr'>thalamoque</span> <span class='ocrx_word' id='word_1_203' title='bbox 1120 2339 1215 2383; x_wconf 59' lang='lat' dir='ltr'>haec</span> <span class='ocrx_word' id='word_1_204' title='bbox 1231 2342 1433 2396; x_wconf 88' lang='lat' dir='ltr'>conjugis</span> <span class='ocrx_word' id='word_1_205' title='bbox 1448 2354 1583 2386; x_wconf 87' lang='lat' dir='ltr'>aureo</span> 
     </span>
     <span class='ocr_line' id='line_1_31' title="bbox 276 2408 1345 2462; baseline 0.004 -14"><span class='ocrx_word' id='word_1_206' title='bbox 276 2409 461 2462; x_wconf 74' lang='lat' dir='ltr'>incipit,</span> <span class='ocrx_word' id='word_1_207' title='bbox 482 2413 525 2452; x_wconf 89' lang='lat' dir='ltr'>et</span> <span class='ocrx_word' id='word_1_208' title='bbox 543 2408 671 2451; x_wconf 59' lang='lat' dir='ltr'>dictis</span> <span class='ocrx_word' id='word_1_209' title='bbox 689 2408 892 2452; x_wconf 85' lang='lat' dir='ltr'>divinum</span> <span class='ocrx_word' id='word_1_210' title='bbox 910 2409 1102 2462; x_wconf 80' lang='lat' dir='ltr'>adspirat</span> <span class='ocrx_word' id='word_1_211' title='bbox 1120 2422 1317 2454; x_wconf 87' lang='lat' dir='ltr'>amorem</span> <span class='ocrx_word' id='word_1_212' title='bbox 1336 2429 1345 2452; x_wconf 70' lang='grc' dir='ltr'><strong>ε</strong></span> 
     </span>
    </p>
   </div>
  </div>
 </body>
</html>
