1917 2942
249 347 325 385 284
749 343 911 382 LIBER
942 343 1056 382 vm.
1480 345 1556 385 559

254 434 377 472 Dona
401 428 564 475 ferunt.
588 427 905 481 cumulantque
919 428 1115 471 oneratis
1135 427 1333 471 lancibus
1349 440 1461 471 aras.

254 502 364 540 Tum
383 497 485 540 Salii
503 497 557 539 ad
573 500 753 545 cantus,
770 498 951 540 incensa
971 497 1125 540 altaria
1139 499 1307 540 circum
1319 527 1329 546 ,

254 568 463 623 Populeis
479 566 637 609 adsunt
651 565 812 608 evincti
834 569 1037 621 tempora
1055 567 1187 608 ramis
1202 582 1213 616 ;

255 638 565 689 HicJuvenum
582 635 767 682 chorus,
793 634 868 678 ille
886 647 1065 684 senum;
1097 636 1169 689 qui
1190 637 1387 680 carmine
1406 637 1558 680 laudes

256 705 496 748 Herculeas
512 708 556 748 et
573 705 685 748 facta
704 704 853 746 ferunt
870 722 880 745 ι
900 707 949 746 ut
969 706 1111 759 prima
1128 717 1331 748 novercae

252 779 448 817 Monstra
467 785 602 816 manu
617 773 903 827 geminosque
922 785 1127 827 premens
1152 776 1316 817 eliserit
1335 787 1502 829 angues
1519 807 1530 823 .

257 847 315 886 Ut
331 844 449 888 bello
468 844 665 897 egregias
685 843 804 885 idem
824 844 1045 895 disjecerit
1068 843 1217 891 urbes,

257 916 520 968 Trojamque
541 912 898 965 OEchaliamque;
922 914 973 954 ut
990 911 1124 954 duros
1145 912 1267 955 mille
1283 912 1457 956 labores

258 984 380 1036 Rege
394 983 473 1024 sub
489 981 759 1034 Eurystheo,
782 980 881 1023 fatis
896 984 920 1022 J
926 984 1087 1025 unonis
1106 982 1270 1035 iniquae
1287 1013 1299 1033 ‚

259 1052 510 1094 Pertulerit.
532 1055 595 1093 Tu
615 1051 857 1103 nubigenas
871 1081 881 1098 ‚
903 1049 1093 1097 invicte.
1116 1051 1379 1095 bimembres

259 1121 549 1174 Hylaeumque
569 1119 845 1174 Pholumque
862 1131 1022 1165 manu.
1044 1123 1090 1163 tu
1113 1122 1261 1163 Cresia
1285 1126 1448 1165 mactas

261 1191 493 1242 Prodigia,
515 1192 561 1232 et
578 1195 751 1231 vastum
770 1190 935 1232 Nemea
954 1190 1037 1231 sub
1058 1201 1167 1243 rupe
1186 1191 1379 1234 leonem.

260 1263 318 1300 Te
333 1260 473 1312 Stygii
493 1262 716 1302 tremuere
737 1259 854 1302 lacus
872 1291 882 1308 ‚
910 1261 951 1302 16
965 1260 1130 1311 janitor
1147 1261 1252 1302 Orci

261 1330 366 1371 Ossa
388 1340 516 1382 super
532 1328 745 1372 recubans
766 1331 893 1371 antro
917 1340 1084 1370 semesa
1104 1330 1317 1378 cruent03

262 1402 350 1442 Nec
372 1402 413 1442 te
430 1400 530 1441 ullae
550 1398 708 1446 facies,
731 1410 823 1441 non
841 1399 998 1442 terruit
1016 1399 1108 1452 ipse
1122 1398 1343 1453 Typhoeus

265 1469 462 1518 Arduus,
481 1480 600 1510 arma
621 1473 795 1517 tenens:
822 1478 916 1509 non
933 1473 974 1511 te
993 1469 1176 1511 rationis
1198 1472 1401 1522 egentem

267 1541 473 1582 Lernaeus
493 1540 621 1582 turba
637 1541 830 1593 capitum
851 1539 1141 1582 circumstetit
1160 1542 1331 1594 anguis.

266 1609 392 1652 Salve
407 1641 417 1658 ,
437 1620 540 1652 vera
555 1609 678 1651 Jovis
694 1611 853 1663 proles,
874 1609 1007 1651 decus
1027 1609 1174 1652 addite
1190 1610 1322 1657 divis.

266 1681 322 1719 Et
341 1690 422 1721 nos
440 1682 485 1722 et
501 1680 577 1721 tua
592 1679 742 1721 dexter
761 1679 830 1721 adi
853 1679 962 1733 pede
982 1690 1107 1722 sacra
1122 1680 1333 1723 secundo.

266 1748 386 1790 Talia
399 1749 668 1791 carminibus
686 1748 910 1792 celebrant
927 1765 937 1789 :
956 1760 1088 1802 super
1103 1750 1253 1792 omnia
1271 1751 1372 1793 Caci

267 1819 531 1871 Speluncam
552 1817 791 1869 adjiciunt,
817 1820 1145 1873 spirantemque
1162 1820 1342 1873 ignibus
1357 1820 1518 1873 ipsum.

267 1892 489 1930 Consonat
510 1900 643 1931 omne
663 1899 819 1930 nemus
838 1888 1025 1942 strepitu
1040 1919 1050 1936 ,
1070 1888 1293 1942 collesque
1311 1890 1543 1932 resultant.

320 1957 430 1999 Exin
449 1969 494 2000 se
510 1958 662 1999 cuncti
686 1957 848 1999 divinis
866 1958 995 2001 rebus
1011 1958 1065 1999 ad
1084 1959 1241 2001 urbem

268 2026 481 2070 Perfectis
501 2027 714 2069 referunt.
734 2027 830 2068 Ibat
843 2037 921 2070 rex
936 2027 1101 2069 obsitus
1121 2038 1215 2069 aevo
1232 2058 1243 2078 ‚

269 2098 325 2138 Et
344 2097 552 2140 comitem
576 2098 741 2137 AEnean
756 2097 878 2147 Juxta
896 2098 1141 2149 natumque
1162 2096 1340 2139 tenebat

268 2166 527 2220 Ingrediens
542 2197 552 2214 ‚
581 2165 794 2219 varioque
814 2166 932 2208 viam
952 2176 1156 2208 sermone
1178 2166 1363 2209 levabat.

272 2237 468 2286 Miratur,
490 2235 721 2289 facilesque
736 2235 889 2279 oculos
909 2234 996 2277 fert
1012 2236 1161 2279 omnia
1176 2237 1360 2284 circum,

275 2310 426 2350 AEneas
444 2338 453 2358 ,
474 2306 730 2362 capiturque
745 2306 875 2359 locis3
895 2310 941 2348 et
958 2307 1135 2360 singula
1152 2307 1277 2350 laetus

272 2377 555 2431 Exquiritque
571 2376 779 2431 auditque
794 2375 935 2418 virum
952 2378 1242 2430 monumenta
1255 2377 1472 2430 priorum.

275 2451 385 2491 Tum
403 2460 478 2493 rex
497 2448 752 2494 Evandrus,
776 2450 988 2490 Romanae
1006 2447 1210 2490 conditor
1227 2449 1362 2491 arcis:
