1917 2942
423 346 497 385 {00
899 347 1230 387 GEORGICON
1657 349 1726 387 ¹68

419 429 606 472 servitio
625 428 868 476 adsuerint,
888 428 994 482 ipsis
1008 439 1032 470 e
1049 428 1274 481 torquibus
1290 431 1413 481 aptos

418 502 563 550 ,lunge
579 509 730 552 pares,
754 503 798 539 et
819 508 928 550 coge
944 498 1133 550 gradum
1153 495 1357 539 conferre
1369 500 1582 548 juvencos
1603 515 1613 545 ;

420 573 563 620 Atque
581 568 665 609 illis
679 569 773 619 jam
790 578 905 621 saepe
918 570 1030 609 rotz-c
1047 565 1264 609 ducantur
1283 567 1437 609 inanes

419 637 504 677 Per
519 638 678 676 terram
693 667 701 682 ‚
719 638 764 677 et
778 646 952 676 summo
964 635 1151 688 vestigia
1166 637 1349 690 pulvere
1365 636 1541 689 signent
1559 653 1569 684 ς

414 706 519 747 Post
532 705 679 747 valido
701 706 848 747 nitens
862 706 941 746 sub
958 704 1158 759 pondere
1176 705 1343 759 faginus
1364 707 1454 748 axis

416 775 636 827 instrepat
654 806 662 822 ,
685 778 728 814 et
738 776 922 825 junctos
942 778 1061 817 temo
1083 775 1225 816 trahat
1244 786 1382 817 aereus
1397 775 1543 818 orbes.

415 846 591 886 Interea
607 844 713 898 pubi
733 844 961 886 indomitae
982 856 1073 887 non
1093 848 1290 897 gramina
1304 850 1498 894 tantum,

412 914 503 955 Nec
527 924 676 955 vescas
695 915 878 956 salicum
903 913 1081 958 [rondes
1100 947 1109 963 ,
1131 916 1369 968 ulvamque
1391 916 1627 969 palustrem
1649 949 1657 963 ,

411 979 495 1023 Sed
513 979 734 1023 frumenta
748 993 883 1023 manu
904 993 1057 1036 carpes
1078 987 1194 1023 sata:
1216 993 1300 1025 nec
1316 982 1394 1024 tibi
1411 983 1535 1032 fetae,

411 1053 534 1092 More
548 1054 727 1103 patrum
746 1084 754 1099 ,
778 1052 908 1093 nivea
927 1052 1178 1105 implebunt
1197 1052 1445 1096 mulctralia
1463 1066 1610 1097 vaccae
1629 1072 1639 1103 ;

407 1119 491 1162 Sed
512 1122 602 1162 tota
619 1123 666 1162 in
686 1121 836 1163 dulces
857 1123 1123 1164 consument
1137 1123 1276 1164 ubera
1297 1126 1439 1166 natos.

462 1190 538 1231 Sin
551 1190 606 1231 ad
625 1190 739 1234 bella
760 1192 898 1244 magis
919 1192 1118 1233 studium
1143 1196 1398 1246 turmasque
1416 1193 1607 1241 feroces.

410 1262 500 1301 Aut
515 1260 696 1314 Alphaea
719 1262 828 1303 rotis
845 1262 1028 1316 praelabi
1047 1262 1227 1303 flumina
1247 1262 1358 1304 Pisa}
1377 1295 1386 1310 ,

406 1333 461 1371 Et
480 1331 605 1372 Jovis
626 1332 673 1372 in
686 1331 790 1371 luco
812 1343 971 1373 currus
999 1331 1165 1385 agitare
1180 1331 1407 1381 volantes;

406 1399 582 1441 Primus
601 1400 703 1452 equi
717 1399 840 1441 labor
858 1404 951 1448 est,
981 1402 1152 1441 animos
1173 1403 1305 1454 atque
1323 1412 1444 1442 arma
1464 1400 1615 1444 videre

405 1468 680 1515 Bellantum‚
705 1469 924 1523 lituosque
944 1472 1034 1523 pati
1055 1503 1064 1519 ‚
1088 1471 1318 1522 tractuque
1335 1474 1585 1523 gementem

409 1543 542 1582 Ferre
563 1542 710 1579 rotam
728 1570 736 1586 ,
760 1545 804 1582 et
823 1538 996 1581 stabulo
1011 1539 1160 1581 frenos
1175 1539 1327 1582 audire
1345 1544 1551 1583 sonantes
1569 1558 1580 1591 ;

407 1612 521 1649 Tum
540 1608 681 1661 magis
702 1614 832 1661 atque
849 1607 989 1660 magis
1010 1609 1182 1650 blandis
1199 1608 1391 1663 gaudere
1412 1612 1608 1662 magistri

408 1677 657 1726 Laudibus,
682 1679 726 1721 et
747 1679 908 1731 plausae
929 1681 1126 1721 sonitum
1152 1679 1336 1721 cervicis
1352 1690 1514 1722 amare.

405 1750 552 1800 Atque
568 1747 666 1792 haec
681 1749 775 1799 J'am
792 1750 936 1803 primo
956 1749 1167 1802 depulsus
1187 1749 1240 1790 ab
1263 1749 1397 1791 ubere
1416 1750 1568 1792 matris

403 1817 577 1859 Audeat
595 1850 603 1866 ,
620 1819 755 1871 inque
780 1819 921 1861 vicem
938 1816 1015 1861 det
1033 1818 1240 1860 mollibus
1263 1829 1341 1860 ora
1362 1819 1568 1874 capistris

404 1886 631 1929 Invalidus
648 1920 657 1936 ,
675 1888 897 1941 etiamque
911 1892 1108 1931 tremens
1127 1919 1137 1940 ‚
1158 1890 1293 1929 etiam
1308 1889 1471 1930 inscius
1495 1891 1592 1931 aevi.

406 1963 464 2000 At
483 1991 492 2006 ,
519 1959 656 2000 tribus
679 1960 843 2001 exactis
862 1991 870 2007 ‚
890 1960 966 2000 ubi
989 1965 1142 2013 quarta
1163 1959 1400 2001 adcesserit
1417 1961 1566 2007 aestas,

404 2033 594 2083 Carpere
613 2041 716 2071 mox
737 2040 900 2082 gyrum
919 2029 1125 2083 incipiat,
1148 2029 1449 2082 gradibusque
1465 2039 1625 2072 sonare

401 2100 665 2152 Compositis
681 2129 691 2145 ‚
710 2100 944 2152 sinuetque
960 2100 1129 2142 alterna
1147 2099 1379 2141 volumina
1395 2110 1578 2140 crurum
1592 2115 1602 2147 3

408 2167 560 2220 Sitque
580 2168 800 2211 laboranti
818 2168 972 2210 similis
991 2185 1000 2217 ;
1026 2174 1121 2210 tum
1137 2167 1334 2211 cursibus
1352 2179 1500 2219 auraS,

402 2241 515 2278 Tum
535 2243 688 2286 vocet,
713 2248 763 2279 ac
783 2249 864 2292 per
881 2244 1033 2290 aperta
1048 2238 1226 2287 volans,
1250 2249 1331 2280 ceu
1354 2238 1467 2280 liber
1487 2238 1666 2281 habenis
1686 2270 1693 2284 .

402 2314 619 2362 AEquora‚
639 2310 713 2351 vix
731 2321 903 2352 summa
923 2311 1107 2363 vestigia
1124 2314 1258 2364 ponat
1273 2322 1406 2354 arena
1424 2328 1433 2351 ι

401 2380 552 2428 Qualis
580 2379 880 2434 Hyperboreis
896 2382 1056 2435 Aquilo
1077 2393 1215 2434 quum
1237 2380 1400 2423 densus
1417 2382 1469 2422 ab
1490 2381 1578 2422 oris

399 2444 611 2491 Incubuit
630 2482 638 2497 ‚
660 2449 938 2505 Scythiaeque
962 2451 1131 2494 hiemes
1150 2455 1280 2505 atque
1296 2451 1415 2494 arida
1434 2450 1583 2494 differt
