<?xml version="1.0" encoding="UTF-8"?>
<!DOCTYPE html PUBLIC "-//W3C//DTD XHTML 1.0 Transitional//EN"
    "http://www.w3.org/TR/xhtml1/DTD/xhtml1-transitional.dtd">
<html xmlns="http://www.w3.org/1999/xhtml" xml:lang="en" lang="en">
 <head>
  <title>
</title>
<meta http-equiv="Content-Type" content="text/html;charset=utf-8" />
  <meta name='ocr-system' content='tesseract 3.04.00' />
  <meta name='ocr-capabilities' content='ocr_page ocr_carea ocr_par ocr_line ocrx_word'/>
</head>
<body>
  <div class='ocr_page' id='page_1' title='image "./publiivirgiliim01unkngoog_0169.png"; bbox 0 0 1917 2942; ppageno 0'>
   <div class='ocr_carea' id='block_1_1' title="bbox 187 316 1501 359">
    <p class='ocr_par' dir='ltr' id='par_1_1' title="bbox 187 316 1501 359">
     <span class='ocr_line' id='line_1_1' title="bbox 187 316 1501 359; baseline 0.002 -6"><span class='ocrx_word' id='word_1_1' title='bbox 187 316 239 354; x_wconf 76' lang='lat'>75</span> <span class='ocrx_word' id='word_1_2' title='bbox 717 318 881 357; x_wconf 84' lang='lat' dir='ltr'>LIBER</span> <span class='ocrx_word' id='word_1_3' title='bbox 911 321 968 358; x_wconf 90' lang='lat'>11.</span> <span class='ocrx_word' id='word_1_4' title='bbox 1428 320 1501 359; x_wconf 66' lang='lat'>⁴63</span> 
     </span>
    </p>
   </div>
   <div class='ocr_carea' id='block_1_2' title="bbox 187 404 1522 2476">
    <p class='ocr_par' dir='ltr' id='par_1_2' title="bbox 187 404 1387 458">
     <span class='ocr_line' id='line_1_2' title="bbox 187 404 1387 458; baseline -0.002 -10"><span class='ocrx_word' id='word_1_5' title='bbox 187 411 286 457; x_wconf 86' lang='lat' dir='ltr'>Quo</span> <span class='ocrx_word' id='word_1_6' title='bbox 306 406 475 458; x_wconf 74' lang='lat' dir='ltr'>gemitu</span> <span class='ocrx_word' id='word_1_7' title='bbox 492 405 693 447; x_wconf 81' lang='lat' dir='ltr'>conversi</span> <span class='ocrx_word' id='word_1_8' title='bbox 715 404 861 453; x_wconf 86' lang='lat' dir='ltr'>animi,</span> <span class='ocrx_word' id='word_1_9' title='bbox 884 415 1159 458; x_wconf 77' lang='lat' dir='ltr'>compressus</span> <span class='ocrx_word' id='word_1_10' title='bbox 1178 408 1221 446; x_wconf 87' lang='lat' dir='ltr'>et</span> <span class='ocrx_word' id='word_1_11' title='bbox 1242 406 1387 446; x_wconf 82' lang='lat' dir='ltr'>omnis</span> 
     </span>
    </p>

    <p class='ocr_par' dir='ltr' id='par_1_3' title="bbox 188 471 1291 528">
     <span class='ocr_line' id='line_1_3' title="bbox 188 471 1291 528; baseline 0.003 -14"><span class='ocrx_word' id='word_1_12' title='bbox 188 479 398 528; x_wconf 72' lang='lat' dir='ltr'>Impetus.</span> <span class='ocrx_word' id='word_1_13' title='bbox 417 477 656 516; x_wconf 77' lang='lat' dir='ltr'>Hortamur</span> <span class='ocrx_word' id='word_1_14' title='bbox 674 471 766 520; x_wconf 80' lang='lat' dir='ltr'>fari,</span> <span class='ocrx_word' id='word_1_15' title='bbox 790 485 875 527; x_wconf 85' lang='lat' dir='ltr'>quo</span> <span class='ocrx_word' id='word_1_16' title='bbox 892 476 1108 525; x_wconf 84' lang='lat' dir='ltr'>sanguine</span> <span class='ocrx_word' id='word_1_17' title='bbox 1127 478 1291 523; x_wconf 77' lang='lat' dir='ltr'>cretus;</span> 
     </span>
    </p>

    <p class='ocr_par' dir='ltr' id='par_1_4' title="bbox 188 542 1294 599">
     <span class='ocr_line' id='line_1_4' title="bbox 188 542 1294 599; baseline 0.002 -16"><span class='ocrx_word' id='word_1_18' title='bbox 188 546 362 594; x_wconf 80' lang='lat' dir='ltr'>Quidve</span> <span class='ocrx_word' id='word_1_19' title='bbox 383 544 504 589; x_wconf 81' lang='lat' dir='ltr'>ferat,</span> <span class='ocrx_word' id='word_1_20' title='bbox 526 546 754 590; x_wconf 74' lang='lat' dir='ltr'>memoret.</span> <span class='ocrx_word' id='word_1_21' title='bbox 779 555 876 597; x_wconf 81' lang='lat' dir='ltr'>quae</span> <span class='ocrx_word' id='word_1_22' title='bbox 897 545 953 585; x_wconf 84' lang='lat' dir='ltr'>sit</span> <span class='ocrx_word' id='word_1_23' title='bbox 975 542 1133 585; x_wconf 79' lang='lat' dir='ltr'>fiducia</span> <span class='ocrx_word' id='word_1_24' title='bbox 1147 550 1294 599; x_wconf 84' lang='lat' dir='ltr'>capto.</span> 
     </span>
    </p>

    <p class='ocr_par' dir='ltr' id='par_1_5' title="bbox 189 610 1507 738">
     <span class='ocr_line' id='line_1_5' title="bbox 189 610 1507 667; baseline 0.005 -16"><span class='ocrx_word' id='word_1_25' title='bbox 189 614 273 655; x_wconf 56' lang='lat' dir='ltr'>Ille*</span> <span class='ocrx_word' id='word_1_26' title='bbox 292 614 399 660; x_wconf 60' lang='lat' dir='ltr'>haec,</span> <span class='ocrx_word' id='word_1_27' title='bbox 419 613 614 666; x_wconf 75' lang='lat' dir='ltr'>deposita</span> <span class='ocrx_word' id='word_1_28' title='bbox 634 613 815 656; x_wconf 75' lang='lat' dir='ltr'>tandein</span> <span class='ocrx_word' id='word_1_29' title='bbox 832 612 1085 661; x_wconf 80' lang='lat' dir='ltr'>formidine,</span> <span class='ocrx_word' id='word_1_30' title='bbox 1110 613 1224 656; x_wconf 80' lang='lat' dir='ltr'>fatur</span> <span class='ocrx_word' id='word_1_31' title='bbox 1243 633 1253 655; x_wconf 73' lang='grc' dir='ltr'><strong><em>ε</em></strong></span> <span class='ocrx_word' id='word_1_32' title='bbox 1363 610 1367 616; x_wconf 85' lang='grc'>’</span> <span class='ocrx_word' id='word_1_33' title='bbox 1409 615 1507 667; x_wconf 84' lang='lat' dir='ltr'>[bor</span> 
     </span>
     <span class='ocr_line' id='line_1_6' title="bbox 244 682 1504 738; baseline 0.004 -15"><span class='ocrx_word' id='word_1_34' title='bbox 244 698 260 719; x_wconf 83' lang='lat'>«</span> <span class='ocrx_word' id='word_1_35' title='bbox 280 687 447 725; x_wconf 81' lang='lat' dir='ltr'>Cuncta</span> <span class='ocrx_word' id='word_1_36' title='bbox 469 683 674 736; x_wconf 77' lang='lat' dir='ltr'>equidem</span> <span class='ocrx_word' id='word_1_37' title='bbox 695 684 890 728; x_wconf 79' lang='lat' dir='ltr'>tibi.1·ex,</span> <span class='ocrx_word' id='word_1_38' title='bbox 911 682 1043 726; x_wconf 76' lang='lat' dir='ltr'>fuerit</span> <span class='ocrx_word' id='word_1_39' title='bbox 1061 685 1374 738; x_wconf 86' lang='lat' dir='ltr'>quodcunque,</span> <span class='ocrx_word' id='word_1_40' title='bbox 1397 685 1504 728; x_wconf 75' lang='lat' dir='ltr'>fate-</span> 
     </span>
    </p>

    <p class='ocr_par' dir='ltr' id='par_1_6' title="bbox 189 754 1410 808">
     <span class='ocr_line' id='line_1_7' title="bbox 189 754 1410 808; baseline 0.002 -16"><span class='ocrx_word' id='word_1_41' title='bbox 189 754 315 797; x_wconf 81' lang='lat' dir='ltr'>Vera‚</span> <span class='ocrx_word' id='word_1_42' title='bbox 335 754 498 805; x_wconf 83' lang='lat' dir='ltr'>inquit;</span> <span class='ocrx_word' id='word_1_43' title='bbox 520 764 662 805; x_wconf 83' lang='lat' dir='ltr'>neque</span> <span class='ocrx_word' id='word_1_44' title='bbox 678 764 748 794; x_wconf 89' lang='lat' dir='ltr'>me</span> <span class='ocrx_word' id='word_1_45' title='bbox 766 755 971 806; x_wconf 80' lang='lat' dir='ltr'>Argolica</span> <span class='ocrx_word' id='word_1_46' title='bbox 987 754 1040 795; x_wconf 88' lang='lat' dir='ltr'>de</span> <span class='ocrx_word' id='word_1_47' title='bbox 1061 756 1192 807; x_wconf 83' lang='lat' dir='ltr'>gente</span> <span class='ocrx_word' id='word_1_48' title='bbox 1208 755 1380 808; x_wconf 79' lang='lat' dir='ltr'>negabo</span> <span class='ocrx_word' id='word_1_49' title='bbox 1399 771 1410 795; x_wconf 79' lang='lat' dir='ltr'><strong><em>z</em></strong></span> 
     </span>
    </p>

    <p class='ocr_par' dir='ltr' id='par_1_7' title="bbox 191 822 1376 876">
     <span class='ocr_line' id='line_1_8' title="bbox 191 822 1376 876; baseline 0.002 -15"><span class='ocrx_word' id='word_1_50' title='bbox 191 824 286 862; x_wconf 87' lang='lat' dir='ltr'>Hoc</span> <span class='ocrx_word' id='word_1_51' title='bbox 301 822 491 876; x_wconf 81' lang='lat' dir='ltr'>primum</span> <span class='ocrx_word' id='word_1_52' title='bbox 517 838 525 862; x_wconf 75' lang='grc' dir='ltr'><strong><em>ε</em></strong></span> <span class='ocrx_word' id='word_1_53' title='bbox 548 833 643 869; x_wconf 87' lang='lat' dir='ltr'>nec,</span> <span class='ocrx_word' id='word_1_54' title='bbox 661 824 695 864; x_wconf 90' lang='lat' dir='ltr'>si</span> <span class='ocrx_word' id='word_1_55' title='bbox 717 824 929 866; x_wconf 74' lang='lat' dir='ltr'>miserum</span> <span class='ocrx_word' id='word_1_56' title='bbox 949 825 1149 865; x_wconf 78' lang='lat' dir='ltr'>Fortuna</span> <span class='ocrx_word' id='word_1_57' title='bbox 1166 825 1376 866; x_wconf 81' lang='lat' dir='ltr'>Sinonem</span> 
     </span>
    </p>

    <p class='ocr_par' dir='ltr' id='par_1_8' title="bbox 191 892 1456 946">
     <span class='ocr_line' id='line_1_9' title="bbox 191 892 1456 946; baseline 0.002 -16"><span class='ocrx_word' id='word_1_58' title='bbox 191 892 348 937; x_wconf 76' lang='lat' dir='ltr'>Finxit,</span> <span class='ocrx_word' id='word_1_59' title='bbox 370 903 536 933; x_wconf 82' lang='lat' dir='ltr'>vanum</span> <span class='ocrx_word' id='word_1_60' title='bbox 556 893 685 935; x_wconf 85' lang='lat' dir='ltr'>etiam</span> <span class='ocrx_word' id='word_1_61' title='bbox 706 892 1056 946; x_wconf 79' lang='lat' dir='ltr'>mendacemque</span> <span class='ocrx_word' id='word_1_62' title='bbox 1083 894 1285 946; x_wconf 84' lang='lat' dir='ltr'>improba</span> <span class='ocrx_word' id='word_1_63' title='bbox 1304 892 1456 945; x_wconf 80' lang='lat' dir='ltr'>linget.</span> 
     </span>
    </p>

    <p class='ocr_par' dir='ltr' id='par_1_9' title="bbox 192 960 1288 1016">
     <span class='ocr_line' id='line_1_10' title="bbox 192 960 1288 1016; baseline 0.005 -16"><span class='ocrx_word' id='word_1_64' title='bbox 192 962 344 1003; x_wconf 80' lang='lat' dir='ltr'>Fando</span> <span class='ocrx_word' id='word_1_65' title='bbox 359 962 550 1014; x_wconf 79' lang='lat' dir='ltr'>aliquod,</span> <span class='ocrx_word' id='word_1_66' title='bbox 571 963 603 1003; x_wconf 92' lang='lat' dir='ltr'>si</span> <span class='ocrx_word' id='word_1_67' title='bbox 623 960 736 1004; x_wconf 68' lang='lat' dir='ltr'>foi-te</span> <span class='ocrx_word' id='word_1_68' title='bbox 758 965 853 1004; x_wconf 85' lang='lat' dir='ltr'>tuas</span> <span class='ocrx_word' id='word_1_69' title='bbox 868 963 1073 1016; x_wconf 66' lang='lat' dir='ltr'>pervenit</span> <span class='ocrx_word' id='word_1_70' title='bbox 1088 961 1140 1002; x_wconf 87' lang='lat' dir='ltr'>ad</span> <span class='ocrx_word' id='word_1_71' title='bbox 1160 974 1288 1005; x_wconf 78' lang='lat' dir='ltr'>aures</span> 
     </span>
    </p>

    <p class='ocr_par' dir='ltr' id='par_1_10' title="bbox 193 1028 1205 1084">
     <span class='ocr_line' id='line_1_11' title="bbox 193 1028 1205 1084; baseline 0.006 -16"><span class='ocrx_word' id='word_1_72' title='bbox 193 1030 354 1071; x_wconf 59' lang='lat' dir='ltr'>Belidae</span> <span class='ocrx_word' id='word_1_73' title='bbox 375 1041 540 1072; x_wconf 89' lang='lat' dir='ltr'>nomen</span> <span class='ocrx_word' id='word_1_74' title='bbox 562 1031 820 1078; x_wconf 84' lang='lat' dir='ltr'>Palamedis,</span> <span class='ocrx_word' id='word_1_75' title='bbox 841 1037 883 1074; x_wconf 90' lang='lat' dir='ltr'>et</span> <span class='ocrx_word' id='word_1_76' title='bbox 904 1032 1074 1084; x_wconf 71' lang='lat' dir='ltr'>inclyta</span> <span class='ocrx_word' id='word_1_77' title='bbox 1091 1028 1205 1074; x_wconf 62' lang='lat' dir='ltr'>fama</span> 
     </span>
    </p>

    <p class='ocr_par' dir='ltr' id='par_1_11' title="bbox 192 1098 1195 1153">
     <span class='ocr_line' id='line_1_12' title="bbox 192 1098 1195 1153; baseline 0.006 -17"><span class='ocrx_word' id='word_1_78' title='bbox 192 1098 357 1143; x_wconf 75' lang='lat' dir='ltr'>Gloria.</span> <span class='ocrx_word' id='word_1_79' title='bbox 374 1111 506 1152; x_wconf 87' lang='lat' dir='ltr'>quem</span> <span class='ocrx_word' id='word_1_80' title='bbox 526 1099 632 1141; x_wconf 71' lang='lat' dir='ltr'>falsa</span> <span class='ocrx_word' id='word_1_81' title='bbox 650 1100 730 1142; x_wconf 79' lang='lat' dir='ltr'>sul]</span> <span class='ocrx_word' id='word_1_82' title='bbox 754 1100 1004 1152; x_wconf 66' lang='lat' dir='ltr'>proditione</span> <span class='ocrx_word' id='word_1_83' title='bbox 1023 1101 1195 1153; x_wconf 82' lang='lat' dir='ltr'>Pelasgi</span> 
     </span>
    </p>

    <p class='ocr_par' dir='ltr' id='par_1_12' title="bbox 193 1169 1297 1222">
     <span class='ocr_line' id='line_1_13' title="bbox 193 1169 1297 1222; baseline 0.005 -14"><span class='ocrx_word' id='word_1_84' title='bbox 193 1171 431 1215; x_wconf 76' lang='lat' dir='ltr'>Insonrem‚</span> <span class='ocrx_word' id='word_1_85' title='bbox 456 1169 639 1211; x_wconf 76' lang='lat' dir='ltr'>infando</span> <span class='ocrx_word' id='word_1_86' title='bbox 661 1169 837 1214; x_wconf 79' lang='lat' dir='ltr'>indicio.</span> <span class='ocrx_word' id='word_1_87' title='bbox 857 1170 958 1222; x_wconf 87' lang='lat' dir='ltr'>quia</span> <span class='ocrx_word' id='word_1_88' title='bbox 976 1171 1092 1213; x_wconf 83' lang='lat' dir='ltr'>bella</span> <span class='ocrx_word' id='word_1_89' title='bbox 1105 1171 1297 1217; x_wconf 80' lang='lat' dir='ltr'>vetabat,</span> 
     </span>
    </p>

    <p class='ocr_par' dir='ltr' id='par_1_13' title="bbox 196 1240 1273 1293">
     <span class='ocr_line' id='line_1_14' title="bbox 196 1240 1273 1293; baseline 0.003 -14"><span class='ocrx_word' id='word_1_90' title='bbox 196 1240 421 1280; x_wconf 73' lang='lat' dir='ltr'>Demisere</span> <span class='ocrx_word' id='word_1_91' title='bbox 441 1240 539 1281; x_wconf 85' lang='lat' dir='ltr'>neci</span> <span class='ocrx_word' id='word_1_92' title='bbox 555 1255 565 1286; x_wconf 81' lang='lat'><em>3</em></span> <span class='ocrx_word' id='word_1_93' title='bbox 585 1251 705 1281; x_wconf 88' lang='lat' dir='ltr'>nune</span> <span class='ocrx_word' id='word_1_94' title='bbox 721 1251 891 1281; x_wconf 88' lang='lat' dir='ltr'>cassum</span> <span class='ocrx_word' id='word_1_95' title='bbox 905 1240 1074 1282; x_wconf 86' lang='lat' dir='ltr'>lumine</span> <span class='ocrx_word' id='word_1_96' title='bbox 1089 1240 1245 1293; x_wconf 77' lang='lat' dir='ltr'>lugent</span> <span class='ocrx_word' id='word_1_97' title='bbox 1263 1257 1273 1281; x_wconf 92' lang='lat'><strong>:</strong></span> 
     </span>
    </p>

    <p class='ocr_par' dir='ltr' id='par_1_14' title="bbox 195 1308 1394 1363">
     <span class='ocr_line' id='line_1_15' title="bbox 195 1308 1394 1363; baseline 0.003 -17"><span class='ocrx_word' id='word_1_98' title='bbox 195 1308 260 1350; x_wconf 85' lang='lat' dir='ltr'>Illi</span> <span class='ocrx_word' id='word_1_99' title='bbox 277 1321 347 1351; x_wconf 83' lang='lat' dir='ltr'>ine</span> <span class='ocrx_word' id='word_1_100' title='bbox 363 1309 587 1357; x_wconf 78' lang='lat' dir='ltr'>comitem,</span> <span class='ocrx_word' id='word_1_101' title='bbox 608 1311 652 1350; x_wconf 83' lang='lat' dir='ltr'>et</span> <span class='ocrx_word' id='word_1_102' title='bbox 673 1309 1062 1361; x_wconf 73' lang='lat' dir='ltr'>consanguinitate</span> <span class='ocrx_word' id='word_1_103' title='bbox 1080 1311 1394 1363; x_wconf 79' lang='lat' dir='ltr'>propinquum,</span> 
     </span>
    </p>

    <p class='ocr_par' dir='ltr' id='par_1_15' title="bbox 195 1379 1368 1433">
     <span class='ocr_line' id='line_1_16' title="bbox 195 1379 1368 1433; baseline 0.002 -15"><span class='ocrx_word' id='word_1_104' title='bbox 195 1382 368 1433; x_wconf 79' lang='lat' dir='ltr'>Pauper</span> <span class='ocrx_word' id='word_1_105' title='bbox 386 1380 429 1420; x_wconf 90' lang='lat' dir='ltr'>in</span> <span class='ocrx_word' id='word_1_106' title='bbox 452 1390 573 1421; x_wconf 81' lang='lat' dir='ltr'>arma</span> <span class='ocrx_word' id='word_1_107' title='bbox 591 1382 716 1433; x_wconf 73' lang='lat' dir='ltr'>pater</span> <span class='ocrx_word' id='word_1_108' title='bbox 736 1380 889 1432; x_wconf 76' lang='lat' dir='ltr'>primis</span> <span class='ocrx_word' id='word_1_109' title='bbox 904 1379 993 1420; x_wconf 86' lang='lat' dir='ltr'>huc</span> <span class='ocrx_word' id='word_1_110' title='bbox 1012 1380 1131 1421; x_wconf 84' lang='lat' dir='ltr'>misit</span> <span class='ocrx_word' id='word_1_111' title='bbox 1146 1382 1200 1422; x_wconf 90' lang='lat' dir='ltr'>ab</span> <span class='ocrx_word' id='word_1_112' title='bbox 1226 1382 1368 1422; x_wconf 85' lang='lat' dir='ltr'>aunis.</span> 
     </span>
    </p>

    <p class='ocr_par' dir='ltr' id='par_1_16' title="bbox 196 1449 1359 1503">
     <span class='ocr_line' id='line_1_17' title="bbox 196 1449 1359 1503; baseline 0.001 -14"><span class='ocrx_word' id='word_1_113' title='bbox 196 1451 310 1490; x_wconf 85' lang='lat' dir='ltr'>Dum</span> <span class='ocrx_word' id='word_1_114' title='bbox 328 1449 470 1490; x_wconf 80' lang='lat' dir='ltr'>stabat</span> <span class='ocrx_word' id='word_1_115' title='bbox 490 1461 628 1503; x_wconf 79' lang='lat' dir='ltr'>regno</span> <span class='ocrx_word' id='word_1_116' title='bbox 644 1449 896 1500; x_wconf 78' lang='lat' dir='ltr'>incolumis,</span> <span class='ocrx_word' id='word_1_117' title='bbox 917 1460 1163 1502; x_wconf 79' lang='lat' dir='ltr'>regumque</span> <span class='ocrx_word' id='word_1_118' title='bbox 1182 1451 1359 1502; x_wconf 79' lang='lat' dir='ltr'>vigebat</span> 
     </span>
    </p>

    <p class='ocr_par' dir='ltr' id='par_1_17' title="bbox 195 1519 1304 1573">
     <span class='ocr_line' id='line_1_18' title="bbox 195 1519 1304 1573; baseline 0.004 -14"><span class='ocrx_word' id='word_1_119' title='bbox 195 1519 428 1563; x_wconf 71' lang='lat' dir='ltr'>conciliis.</span> <span class='ocrx_word' id='word_1_120' title='bbox 450 1521 493 1561; x_wconf 80' lang='lat' dir='ltr'>et</span> <span class='ocrx_word' id='word_1_121' title='bbox 507 1531 587 1561; x_wconf 88' lang='lat' dir='ltr'>nos</span> <span class='ocrx_word' id='word_1_122' title='bbox 608 1519 788 1572; x_wconf 83' lang='lat' dir='ltr'>aliquod</span> <span class='ocrx_word' id='word_1_123' title='bbox 808 1531 1062 1571; x_wconf 85' lang='lat' dir='ltr'>nomenque</span> <span class='ocrx_word' id='word_1_124' title='bbox 1080 1520 1304 1573; x_wconf 82' lang='lat' dir='ltr'>decusque</span> 
     </span>
    </p>

    <p class='ocr_par' dir='ltr' id='par_1_18' title="bbox 195 1588 1199 1643">
     <span class='ocr_line' id='line_1_19' title="bbox 195 1588 1199 1643; baseline 0.002 -16"><span class='ocrx_word' id='word_1_125' title='bbox 195 1590 438 1635; x_wconf 77' lang='lat' dir='ltr'>Gessimus3</span> <span class='ocrx_word' id='word_1_126' title='bbox 456 1588 622 1631; x_wconf 90' lang='lat' dir='ltr'>invidia</span> <span class='ocrx_word' id='word_1_127' title='bbox 639 1592 869 1642; x_wconf 74' lang='lat' dir='ltr'>postquam</span> <span class='ocrx_word' id='word_1_128' title='bbox 886 1589 1066 1643; x_wconf 81' lang='lat' dir='ltr'>pellacis</span> <span class='ocrx_word' id='word_1_129' title='bbox 1090 1589 1199 1630; x_wconf 80' lang='lat' dir='ltr'>Ulixi</span> 
     </span>
    </p>

    <p class='ocr_par' dir='ltr' id='par_1_19' title="bbox 197 1657 1342 1712">
     <span class='ocr_line' id='line_1_20' title="bbox 197 1657 1342 1712; baseline 0.002 -15"><span class='ocrx_word' id='word_1_130' title='bbox 197 1658 348 1709; x_wconf 84' lang='lat' dir='ltr'>(Haud</span> <span class='ocrx_word' id='word_1_131' title='bbox 366 1659 517 1711; x_wconf 77' lang='lat' dir='ltr'>ignora</span> <span class='ocrx_word' id='word_1_132' title='bbox 535 1659 710 1711; x_wconf 69' lang='lat' dir='ltr'>loquorl</span> <span class='ocrx_word' id='word_1_133' title='bbox 729 1659 898 1712; x_wconf 77' lang='lat' dir='ltr'>superis</span> <span class='ocrx_word' id='word_1_134' title='bbox 919 1658 1140 1701; x_wconf 84' lang='lat' dir='ltr'>concessit</span> <span class='ocrx_word' id='word_1_135' title='bbox 1155 1657 1208 1699; x_wconf 89' lang='lat' dir='ltr'>ab</span> <span class='ocrx_word' id='word_1_136' title='bbox 1228 1659 1342 1705; x_wconf 79' lang='lat' dir='ltr'>01·is;</span> 
     </span>
    </p>

    <p class='ocr_par' dir='ltr' id='par_1_20' title="bbox 198 1726 1328 1781">
     <span class='ocr_line' id='line_1_21' title="bbox 198 1726 1328 1781; baseline 0.003 -12"><span class='ocrx_word' id='word_1_137' title='bbox 198 1728 412 1769; x_wconf 67' lang='lat' dir='ltr'>Adflietus</span> <span class='ocrx_word' id='word_1_138' title='bbox 429 1729 567 1769; x_wconf 83' lang='lat' dir='ltr'>vitam</span> <span class='ocrx_word' id='word_1_139' title='bbox 589 1730 634 1769; x_wconf 89' lang='lat' dir='ltr'>in</span> <span class='ocrx_word' id='word_1_140' title='bbox 653 1729 841 1770; x_wconf 80' lang='lat' dir='ltr'>tenebris</span> <span class='ocrx_word' id='word_1_141' title='bbox 855 1728 1066 1781; x_wconf 86' lang='lat' dir='ltr'>luctuque</span> <span class='ocrx_word' id='word_1_142' title='bbox 1085 1726 1328 1772; x_wconf 80' lang='lat' dir='ltr'>trahebam.</span> 
     </span>
    </p>

    <p class='ocr_par' dir='ltr' id='par_1_21' title="bbox 196 1797 1252 1850">
     <span class='ocr_line' id='line_1_22' title="bbox 196 1797 1252 1850; baseline 0 -12"><span class='ocrx_word' id='word_1_143' title='bbox 196 1801 253 1838; x_wconf 83' lang='lat' dir='ltr'>Et</span> <span class='ocrx_word' id='word_1_144' title='bbox 271 1809 421 1840; x_wconf 83' lang='lat' dir='ltr'>casum</span> <span class='ocrx_word' id='word_1_145' title='bbox 436 1799 623 1840; x_wconf 84' lang='lat' dir='ltr'>insontis</span> <span class='ocrx_word' id='word_1_146' title='bbox 638 1809 812 1840; x_wconf 87' lang='lat' dir='ltr'>mecum</span> <span class='ocrx_word' id='word_1_147' title='bbox 826 1797 1091 1850; x_wconf 77' lang='lat' dir='ltr'>indignabar</span> <span class='ocrx_word' id='word_1_148' title='bbox 1106 1797 1252 1839; x_wconf 86' lang='lat' dir='ltr'>amici.</span> 
     </span>
    </p>

    <p class='ocr_par' dir='ltr' id='par_1_22' title="bbox 199 1867 1303 1925">
     <span class='ocr_line' id='line_1_23' title="bbox 199 1867 1303 1925; baseline -0.002 -16"><span class='ocrx_word' id='word_1_149' title='bbox 199 1871 285 1910; x_wconf 84' lang='lat' dir='ltr'>Nec</span> <span class='ocrx_word' id='word_1_150' title='bbox 305 1869 417 1911; x_wconf 85' lang='lat' dir='ltr'>tacui</span> <span class='ocrx_word' id='word_1_151' title='bbox 440 1868 643 1911; x_wconf 83' lang='lat' dir='ltr'>deluens!</span> <span class='ocrx_word' id='word_1_152' title='bbox 671 1871 714 1910; x_wconf 83' lang='lat' dir='ltr'>et</span> <span class='ocrx_word' id='word_1_153' title='bbox 729 1879 815 1915; x_wconf 85' lang='lat' dir='ltr'>me,</span> <span class='ocrx_word' id='word_1_154' title='bbox 840 1867 929 1909; x_wconf 78' lang='lat' dir='ltr'>fors</span> <span class='ocrx_word' id='word_1_155' title='bbox 949 1869 986 1908; x_wconf 83' lang='lat' dir='ltr'>si</span> <span class='ocrx_word' id='word_1_156' title='bbox 1012 1879 1097 1921; x_wconf 89' lang='lat' dir='ltr'>qua</span> <span class='ocrx_word' id='word_1_157' title='bbox 1120 1867 1303 1925; x_wconf 82' lang='lat' dir='ltr'>tulisset,</span> 
     </span>
    </p>

    <p class='ocr_par' dir='ltr' id='par_1_23' title="bbox 198 1936 1342 1992">
     <span class='ocr_line' id='line_1_24' title="bbox 198 1936 1342 1992; baseline -0.001 -14"><span class='ocrx_word' id='word_1_158' title='bbox 198 1938 241 1978; x_wconf 86' lang='lat' dir='ltr'>Si</span> <span class='ocrx_word' id='word_1_159' title='bbox 264 1940 430 1992; x_wconf 81' lang='lat' dir='ltr'>patrios</span> <span class='ocrx_word' id='word_1_160' title='bbox 446 1949 643 1991; x_wconf 85' lang='lat' dir='ltr'>unquam</span> <span class='ocrx_word' id='word_1_161' title='bbox 666 1949 928 1980; x_wconf 81' lang='lat' dir='ltr'>remeassem</span> <span class='ocrx_word' id='word_1_162' title='bbox 948 1937 1095 1980; x_wconf 80' lang='lat' dir='ltr'>victor</span> <span class='ocrx_word' id='word_1_163' title='bbox 1112 1936 1166 1978; x_wconf 86' lang='lat' dir='ltr'>ad</span> <span class='ocrx_word' id='word_1_164' title='bbox 1183 1940 1342 1990; x_wconf 81' lang='lat' dir='ltr'>Argos,</span> 
     </span>
    </p>

    <p class='ocr_par' dir='ltr' id='par_1_24' title="bbox 200 2007 1287 2061">
     <span class='ocr_line' id='line_1_25' title="bbox 200 2007 1287 2061; baseline -0.002 -12"><span class='ocrx_word' id='word_1_165' title='bbox 200 2008 388 2049; x_wconf 80' lang='lat' dir='ltr'>Promisi</span> <span class='ocrx_word' id='word_1_166' title='bbox 406 2007 612 2055; x_wconf 70' lang='lat' dir='ltr'>ultorem,</span> <span class='ocrx_word' id='word_1_167' title='bbox 632 2011 675 2048; x_wconf 75' lang='lat' dir='ltr'>et</span> <span class='ocrx_word' id='word_1_168' title='bbox 692 2007 839 2049; x_wconf 78' lang='lat' dir='ltr'>verbis</span> <span class='ocrx_word' id='word_1_169' title='bbox 861 2007 960 2047; x_wconf 85' lang='lat' dir='ltr'>odia</span> <span class='ocrx_word' id='word_1_170' title='bbox 978 2018 1132 2061; x_wconf 76' lang='lat' dir='ltr'>aspera</span> <span class='ocrx_word' id='word_1_171' title='bbox 1148 2008 1287 2048; x_wconf 81' lang='lat' dir='ltr'>movi.</span> 
     </span>
    </p>

    <p class='ocr_par' dir='ltr' id='par_1_25' title="bbox 199 2075 1391 2135">
     <span class='ocr_line' id='line_1_26' title="bbox 199 2075 1391 2135; baseline -0.002 -17"><span class='ocrx_word' id='word_1_172' title='bbox 199 2077 316 2119; x_wconf 85' lang='lat' dir='ltr'>Hinc</span> <span class='ocrx_word' id='word_1_173' title='bbox 335 2075 441 2117; x_wconf 82' lang='lat' dir='ltr'>mihi</span> <span class='ocrx_word' id='word_1_174' title='bbox 464 2077 609 2129; x_wconf 77' lang='lat' dir='ltr'>prima</span> <span class='ocrx_word' id='word_1_175' title='bbox 629 2076 731 2116; x_wconf 88' lang='lat' dir='ltr'>mali</span> <span class='ocrx_word' id='word_1_176' title='bbox 752 2076 871 2117; x_wconf 86' lang='lat' dir='ltr'>labes</span> <span class='ocrx_word' id='word_1_177' title='bbox 892 2092 901 2115; x_wconf 71' lang='grc' dir='ltr'>ε</span> <span class='ocrx_word' id='word_1_178' title='bbox 924 2075 1032 2117; x_wconf 85' lang='lat' dir='ltr'>hinc</span> <span class='ocrx_word' id='word_1_179' title='bbox 1052 2086 1227 2128; x_wconf 80' lang='lat' dir='ltr'>semper</span> <span class='ocrx_word' id='word_1_180' title='bbox 1247 2075 1391 2135; x_wconf 79' lang='lat' dir='ltr'>Ulixes</span> 
     </span>
    </p>

    <p class='ocr_par' dir='ltr' id='par_1_26' title="bbox 199 2145 1314 2198">
     <span class='ocr_line' id='line_1_27' title="bbox 199 2145 1314 2198; baseline 0 -12"><span class='ocrx_word' id='word_1_181' title='bbox 199 2147 465 2196; x_wconf 76' lang='lat' dir='ltr'>Criminibus</span> <span class='ocrx_word' id='word_1_182' title='bbox 485 2149 649 2188; x_wconf 78' lang='lat' dir='ltr'>terrere</span> <span class='ocrx_word' id='word_1_183' title='bbox 665 2146 791 2187; x_wconf 84' lang='lat' dir='ltr'>novis</span> <span class='ocrx_word' id='word_1_184' title='bbox 810 2162 819 2185; x_wconf 73' lang='grc' dir='ltr'>ι</span> <span class='ocrx_word' id='word_1_185' title='bbox 836 2145 942 2186; x_wconf 87' lang='lat' dir='ltr'>hinc</span> <span class='ocrx_word' id='word_1_186' title='bbox 960 2156 1168 2198; x_wconf 76' lang='lat' dir='ltr'>spargere</span> <span class='ocrx_word' id='word_1_187' title='bbox 1187 2156 1314 2188; x_wconf 84' lang='lat' dir='ltr'>voces</span> 
     </span>
    </p>

    <p class='ocr_par' dir='ltr' id='par_1_27' title="bbox 203 2214 1444 2268">
     <span class='ocr_line' id='line_1_28' title="bbox 203 2214 1444 2268; baseline -0.003 -12"><span class='ocrx_word' id='word_1_188' title='bbox 203 2219 252 2257; x_wconf 87' lang='lat' dir='ltr'>ln</span> <span class='ocrx_word' id='word_1_189' title='bbox 272 2218 455 2268; x_wconf 67' lang='lat' dir='ltr'>vulgum</span> <span class='ocrx_word' id='word_1_190' title='bbox 475 2215 716 2265; x_wconf 74' lang='lat' dir='ltr'>ambiguas,</span> <span class='ocrx_word' id='word_1_191' title='bbox 739 2216 785 2257; x_wconf 81' lang='lat' dir='ltr'>et</span> <span class='ocrx_word' id='word_1_192' title='bbox 807 2225 1008 2267; x_wconf 80' lang='lat' dir='ltr'>quaerere</span> <span class='ocrx_word' id='word_1_193' title='bbox 1023 2214 1229 2256; x_wconf 85' lang='lat' dir='ltr'>conscius</span> <span class='ocrx_word' id='word_1_194' title='bbox 1251 2225 1388 2256; x_wconf 80' lang='lat' dir='ltr'>arma.</span> <span class='ocrx_word' id='word_1_195' title='bbox 1408 2247 1444 2253; x_wconf 72' lang='lat'>.-</span> 
     </span>
    </p>

    <p class='ocr_par' dir='ltr' id='par_1_28' title="bbox 202 2282 1367 2338">
     <span class='ocr_line' id='line_1_29' title="bbox 202 2282 1367 2338; baseline -0.006 -11"><span class='ocrx_word' id='word_1_196' title='bbox 202 2288 288 2327; x_wconf 86' lang='lat' dir='ltr'>Nec</span> <span class='ocrx_word' id='word_1_197' title='bbox 309 2284 529 2338; x_wconf 76' lang='lat' dir='ltr'>requievit</span> <span class='ocrx_word' id='word_1_198' title='bbox 542 2284 675 2329; x_wconf 73' lang='lat' dir='ltr'>enim,</span> <span class='ocrx_word' id='word_1_199' title='bbox 694 2282 838 2326; x_wconf 86' lang='lat' dir='ltr'>donec</span> <span class='ocrx_word' id='word_1_200' title='bbox 857 2282 1096 2325; x_wconf 78' lang='lat' dir='ltr'>Calchante</span> <span class='ocrx_word' id='word_1_201' title='bbox 1113 2282 1367 2324; x_wconf 74' lang='lat' dir='ltr'>ministro...</span> 
     </span>
    </p>

    <p class='ocr_par' dir='ltr' id='par_1_29' title="bbox 201 2352 1520 2409">
     <span class='ocr_line' id='line_1_30' title="bbox 201 2352 1520 2409; baseline -0.004 -13"><span class='ocrx_word' id='word_1_202' title='bbox 201 2356 285 2398; x_wconf 81' lang='lat' dir='ltr'>Sed</span> <span class='ocrx_word' id='word_1_203' title='bbox 306 2354 410 2409; x_wconf 88' lang='lat' dir='ltr'>quid</span> <span class='ocrx_word' id='word_1_204' title='bbox 427 2366 511 2406; x_wconf 82' lang='lat' dir='ltr'>ego</span> <span class='ocrx_word' id='word_1_205' title='bbox 530 2353 622 2397; x_wconf 65' lang='lat' dir='ltr'>haec</span> <span class='ocrx_word' id='word_1_206' title='bbox 640 2356 787 2395; x_wconf 80' lang='lat' dir='ltr'>autem</span> <span class='ocrx_word' id='word_1_207' title='bbox 802 2352 1106 2405; x_wconf 83' lang='lat' dir='ltr'>nequidquam</span> <span class='ocrx_word' id='word_1_208' title='bbox 1120 2352 1292 2404; x_wconf 74' lang='lat' dir='ltr'>ingrata</span> <span class='ocrx_word' id='word_1_209' title='bbox 1309 2352 1520 2394; x_wconf 65' lang='lat' dir='ltr'>revolvo?</span> 
     </span>
    </p>

    <p class='ocr_par' dir='ltr' id='par_1_30' title="bbox 201 2421 1522 2476">
     <span class='ocr_line' id='line_1_31' title="bbox 201 2421 1522 2476; baseline -0.001 -13"><span class='ocrx_word' id='word_1_210' title='bbox 201 2425 372 2476; x_wconf 74' lang='lat' dir='ltr'>Quidve</span> <span class='ocrx_word' id='word_1_211' title='bbox 390 2425 575 2466; x_wconf 72' lang='lat' dir='ltr'>moror?</span> <span class='ocrx_word' id='word_1_212' title='bbox 593 2424 627 2466; x_wconf 84' lang='lat' dir='ltr'>si</span> <span class='ocrx_word' id='word_1_213' title='bbox 650 2434 800 2466; x_wconf 74' lang='lat' dir='ltr'>omnes</span> <span class='ocrx_word' id='word_1_214' title='bbox 828 2434 918 2464; x_wconf 91' lang='lat' dir='ltr'>uno</span> <span class='ocrx_word' id='word_1_215' title='bbox 943 2422 1100 2466; x_wconf 82' lang='lat' dir='ltr'>ordine</span> <span class='ocrx_word' id='word_1_216' title='bbox 1118 2422 1285 2465; x_wconf 81' lang='lat' dir='ltr'>habetis</span> <span class='ocrx_word' id='word_1_217' title='bbox 1305 2421 1522 2464; x_wconf 66' lang='lat' dir='ltr'>Achivos-</span> 
     </span>
    </p>
   </div>
  </div>
 </body>
</html>
