1917 2942
375 335 454 373 552
907 337 989 375 AEN
997 337 1157 375 ElDOS
1602 338 1651 379 67
1655 340 1676 377 ..ἰ

371 423 568 474 AEquora
584 420 824 463 verrebant
841 420 1014 468 caudis,
1035 425 1278 475 aestumque
1299 422 1520 465 secabant.

370 492 422 530 ln
443 489 592 533 medio
608 491 764 532 classes
781 495 958 537 aeratas,
977 491 1107 534 Actia
1125 491 1238 534 bella
1257 523 1266 540 ‚

368 562 561 600 Cernere
582 561 705 607 erat;
725 563 956 613 totumque
978 560 1197 602 instructo
1215 562 1352 603 Marte
1366 559 1538 603 videres

370 631 558 671 Fervere
581 632 824 677 Leucaten,
845 640 1040 684 auroque
1060 629 1273 683 effulgere
1293 630 1465 672 fluctus.

372 699 488 741 Hinc
504 701 726 750 Augustus
744 710 876 751 agens
895 699 1026 741 Italos
1044 700 1091 741 in
1111 700 1262 754 praelia
1280 704 1424 742 Caesar

367 773 480 810 Cum
503 769 724 823 patribus,
745 771 1024 823 populoque,
1044 770 1305 818 Penatibus,
1325 772 1368 813 et
1388 771 1557 823 magnis
1577 770 1657 822 dis,

364 840 491 879 Stans
516 838 630 881 celsa
649 838 695 878 in
718 838 853 892 puppi
872 854 881 877 t
903 838 1101 891 geminas
1121 838 1194 879 cui
1214 839 1411 891 tempora
1430 837 1626 881 flammas

367 911 483 949 Laeta
501 912 711 955 vomunt,
729 909 1011 961 patriumque
1029 907 1226 962 aperitur
1240 910 1409 952 vertice
1429 909 1563 951 sidus.

367 981 499 1020 Parte
523 977 608 1019 alia
626 979 768 1021 ventis
787 981 831 1020 et
850 978 913 1019 dis
936 978 1130 1031 Agrippa
1148 977 1351 1020 secundis

367 1045 544 1087 Arduus
564 1056 725 1098 agmen
741 1057 874 1093 agens
893 1061 903 1085 z
922 1048 991 1087 cui
1010 1076 1019 1093 ,
1042 1047 1144 1087 belli
1167 1046 1339 1097 insigne
1357 1047 1595 1101 superbum
1613 1079 1621 1094 .

363 1119 583 1168 Tempora
602 1115 747 1157 navali
770 1114 941 1168 fulgent
954 1119 1140 1157 rostrata
1154 1126 1336 1158 corona.

366 1185 483 1227 Hinc
504 1197 586 1237 ope
606 1184 852 1230 barbarica.
879 1186 1099 1240 variisque
1125 1186 1344 1228 Antonius
1362 1187 1517 1234 armis,

366 1253 517 1296 vietor
539 1255 592 1295 ab
614 1257 800 1295 Aurorze
823 1252 995 1308 populis
1014 1257 1058 1296 et
1078 1254 1205 1296 litore
1223 1254 1357 1296 rubro
1375 1285 1384 1301 ,

365 1326 602 1376 AEgyptum
616 1323 822 1377 viresque
844 1323 1037 1365 Orientis
1056 1325 1100 1365 et
1116 1323 1272 1366 ultima
1290 1334 1440 1367 secum

365 1394 522 1434 Bactra
543 1390 685 1440 vehit3
708 1392 996 1445 sequiturque
1014 1391 1158 1442 (nefas
1174 1393 1209 1440 l)
1226 1394 1429 1447 AEgyptia
1448 1394 1622 1444 conjux.

363 1463 459 1502 Una
474 1471 629 1503 omues
650 1472 780 1502 ruere
797 1492 808 1512 ‚
839 1472 891 1503 ae
913 1464 1055 1501 totum
1075 1472 1304 1516 spumare,
1325 1461 1518 1505 reductis

361 1531 631 1573 Convuisum
652 1532 786 1573 remis
808 1532 1049 1584 rostrisque
1067 1531 1331 1574 tridentibus
1346 1563 1356 1580 ‚
1374 1542 1542 1585 aequor.

363 1600 464 1641 Alta
480 1601 641 1653 petunt
663 1617 672 1639 ι
694 1599 854 1653 pelago
871 1599 1023 1642 eredas
1044 1600 1200 1642 innare
1221 1603 1412 1644 revulsas

359 1672 593 1725 Cycladas,
619 1676 694 1713 aut
717 1674 892 1714 montes
914 1682 1185 1714 concurrere
1203 1673 1430 1715 montibus
1450 1672 1560 1715 altos
1584 1690 1593 1713 ι

360 1745 498 1785 Tanta
525 1742 638 1785 mole
656 1743 740 1785 viri
763 1743 932 1785 turritis
955 1743 1174 1796 puppibus
1193 1744 1382 1785 instant!

358 1814 556 1866 Stuppea
572 1810 748 1853 flamma
767 1823 900 1853 manu
919 1812 1106 1865 telisque
1128 1812 1307 1854 volatile
1326 1812 1489 1855 ferrum

360 1882 615 1935 Spargitur:
637 1892 741 1922 arva
760 1892 876 1922 uova
892 1881 1118 1935 Neptunia
1133 1883 1255 1923 eaesle
1274 1882 1530 1924 rubescunt.

361 1953 531 2004 Regina
553 1953 599 1993 in
621 1950 780 1994 mediis
797 1950 942 2005 patrio
964 1955 1097 1992 vocat
1115 1954 1288 2004 agmina
1306 1952 1459 1999 sistr03

357 2021 555 2065 Necdum
576 2023 708 2064 etiam
727 2022 927 2074 geminos
948 2033 972 2064 a
993 2025 1117 2073 tergo
1137 2021 1317 2075 respicit
1331 2033 1513 2075 angues.

354 2090 743 2144 Omnigeusimque
761 2089 893 2132 deum
916 2091 1114 2132 monstra
1128 2122 1137 2137 ,
1161 2094 1205 2132 et
1226 2090 1411 2132 latrator
1431 2090 1600 2131 Anubis
1618 2122 1629 2137 ,

358 2162 523 2202 Contra
545 2163 799 2214 Neptunum
817 2163 861 2202 et
881 2162 1096 2202 Venerem
1116 2161 1358 2213 contraque
1376 2160 1618 2203 Minervam

357 2230 457 2273 Tela
480 2233 648 2273 tenent.
666 2231 798 2271 Saevit
817 2229 967 2272 medio
988 2230 1031 2271 in
1054 2230 1298 2275 certamine
1314 2233 1485 2274 Mavors

354 2303 543 2344 Caelatus
570 2299 713 2344 ferro.
741 2302 977 2355 tristesque
995 2312 1047 2343 ex
1063 2299 1225 2343 aethere
1244 2300 1386 2349 Dirae;

358 2374 412 2410 Et
432 2372 563 2413 scissa
580 2371 775 2424 gaudens
795 2370 916 2412 vadit
937 2369 1164 2412 Discordia
1182 2369 1295 2423 palla
1317 2382 1325 2406 :

356 2443 496 2490 Quam
516 2450 617 2480 eum
633 2440 878 2490 sanguineo
895 2439 1092 2492 sequitur
1107 2437 1285 2479 Bellona
1306 2434 1492 2489 flagello.
