1917 2942
330 306 405 345 isa
855 303 1111 344 AENEinos
1508 347 1514 353 ,
1560 306 1636 345 645

324 389 522 432 Vidimus
542 389 733 437 excidia,
764 390 809 431 et
823 390 961 443 captae
981 389 1286 442 superavimus
1302 392 1416 433 urbi.

324 462 394 503 Sic
410 473 452 513 ο,
471 461 534 502 sic
551 461 746 515 positum
763 459 897 500 adfati
917 458 1128 502 discedite
1147 471 1323 514 corpus.

326 534 421 584 Ipse
441 542 576 572 manu
603 533 796 572 mortem
812 530 1052 571 inveniam.
1074 526 1351 572 Miserebitur
1368 530 1530 577 hostis,

324 600 597 653 Exuviasque
616 601 750 653 petet.
772 597 929 639 Facilis
944 599 1115 649 jactura
1130 600 1353 652 sepulcri,-

324 672 425 710 Jam
445 668 619 722 pridem
634 667 803 708 invisus
825 666 937 708 divis
956 699 965 714 ‚
988 666 1215 709 etinutilis
1234 700 1243 716 ‚
1267 679 1408 709 annos

325 741 559 786 Demeror,
578 749 631 780 ex
647 749 735 790 quo
755 749 827 779 me
845 737 998 779 divum
1021 739 1148 792 pater
1170 740 1301 791 atque
1316 738 1548 780 hominum
1568 748 1642 780 rex

324 807 537 849 Fulminis
552 806 733 849 adflavit
749 807 891 848 ventis
906 837 916 856 ‚
946 810 989 848 et
1012 807 1197 859 contigit
1214 807 1349 859 igni.»

376 877 495 918 Talia
515 876 739 931 perstabat
754 886 1005 918 memorans
1020 907 1029 922 ‚
1062 873 1257 927 fixusque
1283 876 1506 917 manebat.

327 948 362 987 N
370 958 417 989 os
432 949 587 989 contra
605 979 614 995 ‚
631 943 759 988 effusi
774 945 980 997 lacrymis
997 976 1006 990 ‚
1029 948 1276 998 c-›njuxque
1292 949 1453 988 Creusa
1469 977 1478 996 ,

326 1017 654 1069 Ascaniusque.
675 1015 906 1068 omnisque
924 1015 1104 1065 domus,
1124 1025 1180 1056 ne
1194 1017 1365 1057 vertere
1384 1026 1533 1057 secum

326 1087 498 1127 Cuncta
515 1089 652 1138 paler.
675 1084 853 1136 fatoque
867 1084 1044 1136 urgenti
1060 1083 1316 1126 incumbere
1333 1084 1478 1126 vellet.

326 1156 552 1208 Abnegat,
576 1156 843 1209 inceptoque
868 1157 912 1196 et
940 1153 1118 1196 sedibus
1135 1154 1275 1195 haeret
1294 1154 1338 1194 in
1353 1152 1508 1196 isdem.

325 1230 492 1267 Rursus
513 1226 558 1266 in
576 1237 699 1267 arma
719 1225 851 1271 feror,
874 1226 1155 1277 mortemque
1175 1224 1447 1266 miserrimus
1464 1226 1585 1276 opto.

326 1297 439 1337 Nam
457 1294 577 1348 quod
596 1296 831 1337 consilium
848 1299 923 1336 aut
938 1306 1034 1348 quae
1047 1297 1137 1346 jarn
1157 1292 1335 1337 fortuna
1354 1294 1575 1337 dabatur?

379 1380 395 1403 α
420 1368 547 1407 Mene
565 1363 726 1406 efferre
742 1364 920 1419 pedem,
949 1364 1146 1416 genitor,
1167 1366 1209 1405 te
1225 1375 1351 1418 posse
1368 1363 1523 1406 relicto

323 1434 542 1486 sperasti?
566 1434 823 1485 tantumque
840 1431 961 1474 nefas
981 1433 1125 1486 patrio
1144 1432 1306 1474 excidit
1323 1443 1398 1474 ore
1410 1434 1430 1473 ἱ)

324 1503 368 1542 Si
387 1501 498 1543 nihil
517 1513 566 1544 ex
589 1504 708 1542 tanta
723 1501 892 1554 superis
908 1503 1052 1555 placet
1070 1502 1181 1543 urbe
1200 1501 1390 1552 relinqui
1408 1534 1417 1549 ‚

324 1574 379 1612 Et
394 1570 520 1613 sedet
536 1570 622 1613 hoc
642 1571 812 1616 animo,
836 1571 1134 1624 perituraeque
1152 1570 1313 1612 addere
1328 1570 1469 1621 Trojae

323 1644 471 1695 Teque
492 1645 678 1693 tuosque
690 1642 843 1691 juvat3
865 1641 988 1692 patet
1006 1639 1076 1680 isti
1089 1640 1224 1690 janua
1252 1638 1369 1687 leto;

322 1714 513 1762 Jamque
531 1709 674 1760 aderit
690 1708 832 1750 multo
854 1708 1016 1749 Priami
1038 1707 1092 1749 de
1112 1707 1328 1760 sanguine
1347 1706 1542 1758 Pyrrhus
1561 1738 1569 1753 ,

321 1781 484 1820 Natum
501 1781 604 1821 ante
621 1789 697 1820 ora
715 1780 853 1831 patris
869 1810 878 1826 ‚
901 1780 1073 1832 patrem
1088 1777 1161 1830 qui
1179 1777 1415 1819 obtruncat
1431 1776 1486 1818 ad
1504 1787 1615 1818 aras.

324 1854 420 1893 Hoc
436 1853 556 1896 erat,
579 1850 694 1890 alma
708 1860 894 1902 parens,
915 1847 1032 1900 qued
1049 1858 1120 1889 me
1136 1858 1214 1900 per
1237 1847 1320 1889 tela
1339 1878 1348 1894 ‚
1368 1859 1447 1901 per
1465 1847 1590 1899 ignes

323 1920 466 1975 Eripis
485 1952 494 1968 ‚
516 1925 563 1961 ut
590 1918 746 1961 mediis
760 1918 935 1961 hostem
951 1918 995 1958 in
1015 1917 1314 1971 penetralibus
1334 1950 1342 1966 ,
1362 1920 1499 1971 utque
1521 1913 1523 1918 ’

321 1990 563 2032 Ascanium
583 2020 591 2036 ‚
624 1990 883 2042 patremque
899 1998 1071 2032 meum,
1089 1989 1303 2039 juxtaque
1320 1990 1529 2028 Creusam
1548 2018 1556 2034 ‚

322 2061 522 2102 Alterum
539 2060 584 2099 in
605 2059 783 2101 alterius
799 2057 1013 2100 mactatos
1032 2057 1243 2110 sanguine
1259 2068 1437 2099 cernam
1451 2059 1470 2098 Z>

322 2134 456 2171 Arma
474 2162 482 2176 ‚
504 2130 610 2178 viri,
632 2128 738 2171 ferie
758 2139 881 2170 arma
904 2145 913 2168 z
933 2122 1066 2170 vecat
1082 2127 1158 2168 lux
1172 2128 1325 2170 ultima
1351 2127 1507 2170 victos.

322 2200 510 2242 Reddite
529 2210 600 2241 me
619 2199 779 2240 Danais
797 2215 806 2238 z
831 2199 962 2239 sinite
979 2198 1223 2239 instaurata
1241 2199 1433 2238 revisam

323 2270 481 2311 Praelia
507 2286 517 2310 ε
533 2281 760 2322 nunquam
777 2278 929 2310 ornnes
946 2267 1079 2310 hodie
1093 2268 1335 2310 moriemur
1350 2267 1491 2310 inulti.
1505 2283 1521 2304 n

375 2339 492 2379 Hinc
509 2338 624 2380 ferro
641 2337 853 2390 adeingor
870 2349 1020 2379 rursus
1037 2367 1046 2382 ‚
1070 2336 1299 2389 clipeoque
1314 2334 1535 2377 sinistram

325 2409 595 2452 insertabam
618 2410 773 2461 aptans
794 2440 801 2455 ,
831 2417 987 2460 meque
1008 2407 1127 2448 extra
1147 2409 1258 2448 tecta
1277 2403 1484 2447 ferebam.
