1917 2942
381 332 457 370 58ss
908 337 1162 376 AENEIDOS
1635 344 1684 383 96

430 413 602 456 Talibus
618 414 771 456 orabat
788 418 815 456 J
820 427 910 457 uno
928 434 938 466 ;
958 420 1198 473 cunctique
1220 420 1463 464 fremebant

377 484 594 526 Ccelicolae
615 484 799 526 adsensu
822 485 960 528 vario.
981 490 1072 530 Ceu
1089 486 1266 531 flamina
1283 492 1447 544 prima.

377 555 522 602 Quum
538 553 754 608 deprensa
768 554 961 597 fremunt
976 557 1096 598 silvis
1113 589 1122 605 ‚
1146 565 1188 600 et
1204 571 1320 602 caeca
1336 561 1541 603 volutant

374 625 622 671 Murmura,
645 627 856 666 venturos
875 627 1023 668 nautis
1044 627 1280 678 prodentia
1297 631 1468 671 ventos.

371 696 481 735 Tum
502 697 625 746 pater
642 696 947 746 omnipotens,
968 708 1120 739 rerum
1139 699 1209 740 cni
1228 710 1397 741 summa
1415 701 1606 753 potestas
1624 731 1632 746 .

371 762 476 804 Infit
495 780 505 803 ε
528 775 581 806 eo
597 764 772 807 dicente
791 795 801 816 ,
824 765 954 807 desim
973 766 1129 810 domus
1144 768 1231 811 alta
1248 770 1411 812 silescit
1429 801 1438 818 ,

368 836 422 875 Et
439 833 692 877 tremefacta
711 836 804 876 solo
826 837 954 879 tellus
974 853 984 885 ;
1004 837 1104 879 silet
1119 838 1279 881 arduus
1297 839 1456 888 aether3

368 905 479 943 Tum
496 903 684 958 Zephyri
702 916 908 957 posuere3
931 908 1094 960 premit
1116 908 1285 962 placida
1304 920 1481 961 aequora
1498 913 1677 963 pontus,

426 987 441 1009 ι
465 972 669 1026 Adcipite
683 984 791 1026 ergo
814 975 990 1024 animis,
1008 982 1136 1029 atque
1151 976 1247 1019 haec
1265 989 1361 1019 mea
1378 976 1498 1031 figite
1518 978 1635 1021 dicta
1657 995 1667 1019 ι

367 1043 737 1095 Quandoquidem
760 1046 979 1086 Ausonios
999 1047 1210 1099 conjungi
1233 1045 1396 1089 [cedere
1411 1049 1591 1091 Teucris

368 1111 496 1153 Haud
510 1113 682 1154 licitum
697 1144 706 1161 ‚
724 1124 806 1155 nec
825 1117 972 1155 vestra
990 1116 1110 1169 capit
1129 1115 1351 1158 discordia
1365 1114 1500 1159 finem
1522 1134 1532 1158 ι

367 1184 473 1232 Quae
511 1183 671 1236 cuique
708 1186 775 1225 est
797 1182 978 1225 fortuna
997 1183 1153 1233 hodie,
1180 1196 1312 1237 quam
1344 1186 1530 1239 quisque
1559 1188 1677 1229 secat

365 1256 473 1295 Tros
490 1254 737 1296 Rutulusve
753 1253 858 1300 fuat.
876 1255 1001 1296 nullo
1018 1255 1273 1297 discrimine
1286 1255 1479 1298 habebo:
1520 1258 1673 1312 [spem,

365 1324 449 1363 Seu
468 1320 564 1362 fatis
578 1321 736 1363 Italum
752 1325 895 1363 castra
913 1322 1142 1364 obsidione
1158 1325 1381 1369 tenentur.

358 1391 459 1433 Sive
479 1401 629 1432 errore
648 1392 764 1433 malo
785 1393 923 1443 Trojce
941 1393 1209 1446 monitisque
1223 1393 1431 1434 sinistris.

365 1461 400 1500 N
408 1472 458 1503 ec
480 1460 668 1502 Rutulos
688 1461 829 1503 solvo.
850 1464 936 1503 Sua
951 1463 1108 1515 cuique
1130 1472 1283 1504 exorsa
1301 1462 1501 1505 laborem

363 1530 691 1583 Fortunamque
707 1530 851 1572 ferent
869 1542 972 1572 :rex
988 1533 1011 1571 J
1017 1532 1194 1584 uppiter
1217 1531 1418 1573 omnibus
1435 1531 1568 1574 idem.

362 1601 469 1642 Fata
487 1600 602 1641 viam
624 1600 868 1642 invenient.
891 1614 908 1637 n
932 1601 1072 1653 Stygii
1093 1612 1171 1654 per
1188 1600 1371 1643 flumina
1393 1601 1539 1643 fratris
1556 1632 1565 1648 ‚

360 1673 444 1711 Per
461 1670 559 1724 pice
576 1673 792 1713 torrentes
818 1674 997 1724 atraque
1017 1672 1226 1723 voragine
1242 1672 1360 1725 ripas

361 1740 552 1785 Adnuit,
575 1744 620 1781 et
637 1744 781 1781 vtotum
797 1741 908 1782 nutu
931 1738 1177 1783 tremefecit
1194 1742 1450 1794 Olympum.

360 1809 443 1852 Hic
462 1807 562 1852 finis
580 1809 720 1852 fandi.
738 1809 856 1851 Solio
872 1812 968 1851 tum
985 1812 1191 1863 Juppiter
1210 1822 1345 1853 aureo

358 1880 525 1932 Surgit,
550 1880 761 1923 coeticolae
777 1879 976 1922 medium
992 1890 1122 1933 quem
1139 1879 1194 1921 ad
1209 1880 1362 1921 limina
1379 1879 1564 1922 ducunt.

409 1953 581 1992 Interea
599 1951 752 2006 Rutuli
771 1950 907 2004 portis
927 1949 1096 1993 circum
1115 1949 1318 1992 omnibus
1334 1950 1499 1992 instant

357 2024 559 2064 Sternere
575 2020 696 2063 caede
710 2022 828 2062 viros
847 2053 856 2068 ‚
880 2024 924 2061 et
941 2020 1107 2062 moenia
1122 2020 1302 2072 cingere
1323 2019 1525 2063 flammis,

355 2094 413 2132 At
429 2091 542 2143 legio
557 2090 800 2133 AEneadum
815 2090 935 2133 vallis
956 2090 1133 2132 obsessa
1150 2093 1326 2133 tenetur
1342 2107 1353 2139 ;

354 2163 444 2203 Nec
460 2172 557 2214 spes
576 2161 663 2202 ulla
682 2159 810 2213 sugae.
830 2160 976 2201 Miseri
990 2165 1107 2203 stant
1130 2160 1324 2202 turribus
1347 2159 1443 2202 altis

356 2231 660 2283 Nequidquam
674 2261 686 2283 ,
704 2234 748 2273 et
762 2242 864 2272 rara
883 2242 1035 2273 muros
1055 2232 1230 2272 cinxere
1250 2241 1443 2273 corona:

355 2302 482 2343 Asius
502 2302 790 2349 Imbrasides,
814 2302 1190 2355 Hicetaoniusque
1209 2301 1462 2354 Thymoetes
1480 2331 1489 2348 ,

354 2372 643 2424 Assaracique
659 2371 750 2413 duo
768 2403 776 2420 ‚
800 2375 844 2413 et
862 2372 1011 2414 senior
1029 2382 1131 2413 cum
1147 2374 1325 2413 Castore
1344 2370 1596 2424 Thymbriss,

352 2440 503 2482 Prima
518 2440 648 2483 acies.
668 2443 760 2483 Hos
777 2441 978 2494 germani
998 2440 1265 2494 Sarpedonis
1287 2439 1442 2488 ambo,
