1917 2942
377 312 454 349 550
907 313 1166 354 AENEIDOS
1643 321 1689 359 Μ

375 393 614 440 Dardanio,
633 397 676 435 et
692 393 781 435 late
803 395 927 435 Latio
947 395 1279 439 increbrescere
1297 408 1479 440 nomen.

372 462 489 512 Quid
507 465 649 504 struat
666 462 738 504 liis
757 463 925 517 coeptis,
948 475 1093 517 quem,
1112 467 1147 506 si
1167 468 1365 509 Fortuna
1381 472 1606 523 sequatur,

374 535 595 575 Eventum
620 543 781 585 pugnae
800 533 972 585 cupiat,
996 534 1268 577 manifestius
1289 536 1372 591 ipsi
1387 570 1396 583 ,

373 605 517 652 Quam
536 603 688 642 Turno
717 602 831 653 regi.
856 605 931 642 aut
957 602 1048 655 regi
1067 604 1283 657 adparere
1304 607 1474 649 Latino.

427 670 545 712 Talia
562 681 643 723 per
663 670 834 712 Latium
859 688 867 711 ;
891 681 989 724 quae
1020 674 1364 717 Laomedontius
1384 675 1527 723 heros,

373 743 543 782 Cuncta
556 738 711 781 videns
729 770 738 786 ‚
757 749 920 791 magno
941 752 1150 783 curarum
1169 741 1352 786 fluctuat
1376 747 1508 789 aestuz

373 813 519 863 Atque
537 810 737 850 animum
758 820 878 851 nunc
904 808 991 853 huc
1011 813 1225 863 celei-em,
1245 825 1365 856 nunc
1382 815 1543 857 dividit
1566 815 1684 862 illuc,

374 882 423 920 In
446 882 682 932 partesque
703 879 818 932 rapit
835 880 980 920 vai-ias
998 910 1007 927 ,
1025 892 1191 934 perque
1210 883 1360 925 omnia
1376 886 1550 926 versat:

371 948 495 990 Sicut
514 958 636 1000 aquae
658 948 899 989 tremulum
913 948 1045 989 labris
1060 950 1138 990 ubi
1156 948 1309 993 lumen
1329 952 1447 994 aenis
1502 993 1504 995 ,

373 1018 471 1060 Sole
489 1028 798 1070 repercussum
817 1050 825 1062 .
847 1021 924 1059 aut
945 1018 1156 1061 radiantis
1182 1022 1504 1074 imaginelunae
1525 1055 1533 1070 ,
1553 1025 1557 1029 ’

371 1088 534 1130 Omnia
552 1088 793 1143 pervolitat
808 1088 895 1131 late
913 1091 1032 1137 loca,
1049 1090 1230 1145 jamque
1252 1092 1332 1134 sub
1348 1104 1474 1136 auras

371 1156 585 1212 Erigitur,
603 1159 854 1211 summique
874 1155 972 1198 ferit
992 1158 1215 1212 laquearia
1232 1162 1352 1204 tecti.

426 1231 518 1269 Nox
539 1229 653 1275 erat;
672 1229 716 1268 et
732 1229 870 1268 terras
890 1227 1095 1269 animalia
1116 1228 1228 1270 sessa
1246 1241 1323 1283 per
1341 1240 1496 1273 omnes

369 1299 569 1340 Alituum
588 1296 902 1351 pecudumque
922 1308 1060 1349 genus
1081 1309 1216 1351 sopor
1235 1298 1349 1342 altus
1367 1300 1581 1344 habebat:

368 1372 517 1420 Quum
536 1369 660 1422 pater
676 1366 724 1407 in
744 1367 841 1420 ripa
859 1366 1082 1419 gelidique
1100 1368 1180 1410 sub
1199 1369 1372 1411 aetheris
1391 1382 1466 1414 axe

364 1442 521 1481 AEneas
539 1470 547 1485 ‚
566 1437 680 1478 tristi
702 1437 901 1478 turbatus
915 1439 1102 1490 ‘pectora
1120 1437 1257 1487 benc,

364 1507 637 1556 Procubuit,
654 1515 885 1557 seramque
904 1504 1029 1546 dedit
1050 1516 1129 1559 per
1148 1507 1344 1548 membra
1367 1508 1575 1561 quietem.

359 1577 477 1619 Huic
500 1575 607 1617 deus
625 1575 717 1628 ipse
734 1574 821 1616 loci
842 1572 978 1616 fluvio
992 1574 1223 1616 Tiberinus
1240 1586 1415 1618 amoeno

360 1645 580 1699 Populcas
599 1644 713 1684 inter
728 1643 881 1685 senior
901 1654 946 1684 se
965 1643 1179 1686 adtollere
1200 1644 1377 1688 frondes

359 1718 392 1754 V
400 1715 488 1757 isus
506 1729 517 1755 ι
537 1725 639 1757 euin
661 1712 805 1753 tenuis
824 1713 981 1764 glauco
999 1712 1174 1755 velabat
1193 1714 1357 1756 amictu

359 1785 577 1827 carbasus
590 1814 600 1831 ‚
622 1786 666 1823 et
684 1783 827 1825 crines
842 1784 1054 1824 umbrosa
1075 1784 1250 1835 tegebat
1268 1785 1463 1834 arundo:

358 1860 471 1898 Tum
486 1856 548 1898 sic
569 1853 733 1904 adfari,
751 1858 794 1895 et
813 1864 938 1895 curas
955 1852 1025 1894 his
1043 1853 1220 1895 demere
1240 1854 1397 1895 dictis:

414 1940 433 1962 «
455 1928 490 1966 O
509 1927 602 1966 sate
620 1926 753 1975 gente
769 1922 902 1965 deum
917 1956 926 1974 ‚
944 1925 1184 1975 Trojanam
1200 1935 1252 1966 ex
1269 1923 1468 1968 hostibus
1486 1928 1645 1971 urbem

355 1996 440 2047 Qui
463 1992 631 2037 revehis
650 1993 797 2036 nobis.
819 1995 1072 2045 aetemaque
1092 1994 1308 2046 Pergama
1335 2004 1481 2037 servas
1498 2026 1508 2044 ‚

352 2066 614 2119 Exspectate
634 2062 730 2104 solo
752 2062 963 2104 Laurenti
987 2061 1192 2115 arvisque
1217 2062 1401 2111 Latinis,

351 2137 434 2178 Hic
453 2135 533 2176 tibi
554 2135 675 2176 certa
691 2133 871 2181 don·1us;
892 2134 1026 2178 certi,
1049 2144 1105 2174 ne
1126 2132 1306 2182 absiste,
1331 2136 1518 2178 Penates
1537 2152 1547 2183 ;

352 2210 447 2252 Neu
469 2204 571 2247 belli
591 2206 761 2245 terrere
780 2203 928 2245 minis.
949 2205 1116 2245 Tumor
1138 2203 1281 2244 omnis
1300 2206 1345 2245 et
1361 2202 1438 2244 irae

347 2279 616 2319 Concessere
638 2274 787 2317 deum.

343 2350 532 2399 Jamque
549 2345 651 2392 tibi,
675 2355 732 2386 ne
751 2354 865 2385 vana
879 2344 1008 2395 putes
1029 2340 1122 2384 hacc
1143 2339 1310 2395 fingere
1331 2354 1536 2387 somnum
1559 2376 1566 2391 .

344 2417 528 2459 Litoreis
548 2416 706 2467 ingens
721 2414 905 2455 inventa
926 2412 1006 2453 sub
1028 2412 1196 2454 ilicibus
1220 2425 1313 2462 sus,
