1917 2942
367 301 446 343 ⁴28
894 306 1152 346 AENEIDOS
1601 310 1674 351 2200

365 385 590 429 Dardanio
620 385 835 440 rebusque
856 388 955 429 tuis.
977 389 1172 432 Proinde
1192 392 1342 433 omnia
1363 403 1525 445 magno

366 457 433 498 Ne
452 468 571 499 cessa
588 457 769 499 turbare
787 459 907 500 metu
923 490 934 510 ,
957 462 1085 511 atque
1101 460 1308 503 extollere
1327 463 1440 505 vires

366 528 520 569 Gentis
537 528 600 569 bis
625 527 751 569 victae
770 543 779 568 ε
803 530 959 569 eontra
980 540 1182 583 premere
1202 542 1322 572 arma
1343 533 1499 573 Latini.

364 600 492 640 Nunc
518 602 561 641 et
577 598 906 648 Myrmidonum
923 610 1128 653 proceres
1149 599 1343 653 Phrygia
1363 613 1483 643 arma
1500 602 1666 644 tremis

364 672 493 710 Nunc
511 671 556 709 et
575 666 786 720 Tydides,
810 671 855 708 et
874 669 1105 710 Larissaeus
1124 669 1342 719 Achilles3
1522 674 1667 723 [enut;

361 737 517 780 Amnis
536 742 580 779 et
604 737 844 779 Hadriacas
859 741 979 780 retro
999 738 1110 792 fugit
1127 737 1310 782 Aufidus
1331 740 1486 783 undas.

361 809 439 852 Vel
456 820 595 862 quum
609 818 652 849 se
669 806 880 861 pavidum
902 812 1061 850 contra
1077 810 1334 861 meajurgia
1354 810 1476 862 fingit

360 878 553 922 Artificis
577 877 741 923 scelus,
765 883 809 920 et
827 878 1061 921 formidine
1082 879 1250 921 crimen
1273 881 1462 923 acerbat.

357 951 594 1003 Nunquam
611 950 804 990 animam
819 950 951 991 talem
968 948 1116 990 dextra
1135 949 1216 991 hae
1233 950 1411 997 (absiste
1427 953 1616 1003 moveri)

356 1021 545 1061 Ainittes
561 1032 572 1056 :
589 1018 757 1060 habitet
775 1022 939 1066 tecum,
960 1021 1003 1060 et
1018 1020 1074 1060 sit
1094 1023 1276 1072 pertore
1296 1022 1340 1061 in
1358 1021 1456 1062 isto.

355 1089 487 1130 Nunc
504 1086 560 1129 ad
581 1090 621 1128 te
636 1117 646 1134 ,
667 1088 711 1128 et
726 1092 799 1128 tua
815 1097 994 1133 magna,
1019 1091 1155 1139 pater,
1178 1088 1381 1130 commta
1398 1094 1611 1131 revertor.

351 1158 400 1199 Si
417 1157 582 1199 nullam
597 1155 756 1198 nostris
775 1157 891 1197 ultra
904 1167 1025 1210 spem
1044 1156 1170 1210 ponis
1188 1158 1233 1198 in
1247 1159 1401 1206 armis;

351 1229 396 1269 Si
418 1231 506 1269 tam
526 1225 689 1268 deserti
707 1236 857 1267 sumus
872 1257 881 1275 ‚
902 1228 947 1267 et
961 1225 1095 1268 semel
1113 1227 1289 1277 agmine
1302 1237 1429 1269 verso

352 1297 571 1339 Funditus
586 1296 842 1343 occidimus,
861 1307 1006 1348 neque
1021 1295 1153 1339 habet
1169 1298 1364 1338 Fortuna
1384 1308 1629 1350 regressum
1652 1315 1659 1337 2

350 1371 539 1411 oremus
556 1376 736 1422 pacem,
760 1371 799 1408 et
817 1365 988 1407 dextras
1006 1366 1235 1408 tendamus
1251 1368 1426 1409 inertes.

352 1443 616 1492 Quanquam
631 1467 641 1486 ‚
661 1447 687 1477 o
704 1465 713 1481 ,
737 1435 770 1477 si
787 1435 927 1476 solitae
949 1434 1186 1486 quidquam
1211 1435 1385 1476 virtutis
1402 1435 1596 1481 adesset,

351 1511 435 1553 Ille
456 1508 561 1550 mihi
587 1508 689 1548 ante
708 1505 816 1546 alios
835 1503 1173 1556 fortunatusque
1194 1503 1397 1546 laborum
1415 1537 1423 1551 ,

350 1579 653 1635 Egregiusque
667 1574 827 1618 animi,
845 1575 942 1627 qui.
961 1584 1017 1615 ne
1038 1573 1140 1626 qnid
1166 1573 1252 1614 tale
1271 1573 1464 1622 videret,

348 1646 592 1692 Procubuit
606 1645 798 1687 moriens
812 1676 821 1690 ‚
846 1646 890 1686 et
905 1643 1089 1684 humum
1104 1645 1237 1686 semel
1256 1656 1333 1687 ore
1349 1644 1602 1687 momordit.

347 1722 424 1762 Sin
440 1722 484 1760 et
503 1727 607 1770 opes
623 1714 747 1755 nobis
764 1744 773 1758 .
795 1715 839 1754 et
852 1710 993 1753 adhue
1010 1711 1175 1753 intaeta
1187 1716 1417 1765 juventus.

348 1789 615 1839 Auxilioque
635 1785 762 1826 urbes
781 1782 903 1824 Italae
921 1782 1160 1836 populique
1181 1787 1445 1837 supersunt:

347 1860 426 1901 Sin
446 1860 491 1901 et
508 1854 707 1906 Trojanis
724 1863 826 1895 eum
839 1852 981 1892 multo
995 1852 1135 1903 gloria
1157 1854 1279 1894 veuit

343 1927 592 1982 Sanguine3
609 1926 713 1967 sunt
726 1923 809 1964 illis
824 1932 901 1964 sua
920 1920 1098 1967 funera,
1116 1933 1284 1976 parque
1305 1933 1383 1976 per
1398 1934 1552 1966 omnes

345 2000 598 2053 Tempestas
616 2012 625 2036 :
647 2006 726 2036 eur
746 1992 977 2035 indecores
992 1992 1037 2033 in
1055 1991 1207 2034 limine
1224 1992 1371 2045 primo

342 2067 615 2114 Deficimus?
634 2077 712 2109 eur
733 2064 835 2106 ante
856 2063 1004 2104 tubam
1025 2065 1192 2105 tremor
1211 2067 1400 2119 occupat
1417 2063 1563 2105 artus?

338 2141 477 2183 Multa
493 2140 585 2182 dies
603 2137 800 2191 variique
821 2136 945 2178 labor
961 2136 1182 2178 mutabilis
1203 2137 1282 2179 aevi

340 2211 507 2254 Retulit
528 2210 576 2251 in
591 2208 745 2251 melius
767 2219 776 2244 ε
798 2206 963 2248 multos
982 2207 1151 2250 alterna
1169 2208 1362 2251 revisens

335 2283 469 2326 Lusit.
490 2283 533 2325 et
549 2280 597 2322 in
615 2278 756 2322 solido
776 2290 924 2320 rursus
943 2280 1138 2320 Fortuna
1157 2278 1333 2321 locavit.

337 2356 439 2397 Non
458 2353 543 2395 erit
565 2349 728 2391 auxilio
747 2348 874 2390 nobis
895 2349 1062 2390 AEtolus
1079 2352 1123 2389 et
1141 2349 1245 2403 Arpi
1271 2365 1281 2389 ι

338 2426 395 2465 At
409 2426 629 2475 Messapus
646 2419 744 2467 erit,
764 2418 952 2472 felixque
967 2418 1240 2465 Tolumnius,
1263 2420 1306 2461 et
1325 2431 1433 2473 quos
