1917 2942
800 333 1211 402 AENEIDOS

729 506 953 556 LIBER
1012 505 1283 556 NONUS.

352 669 1657 724 ᾣῴᾣῇᾢῇᾣῇᾓῷᾣῷᾢῷᾣῷᾣᾣῷᾣῷᾓῇᾣῷ

353 836 467 870 AEnea
486 834 760 879 conquirendis
774 834 930 871 auxiliis
944 837 1046 880 apud
1069 836 1233 872 Arcadas
1252 843 1296 871 ac
1310 838 1449 872 Tuscos
1466 836 1663 879 occupato,

400 899 550 931 Turnus
574 896 804 931 admonetur
829 906 848 931 a
867 900 1019 943 Junone
1039 906 1108 940 per
1138 896 1284 932 Iridem
1310 898 1350 931 ut
1381 896 1422 931 in
1453 895 1663 932 castrensia

399 958 523 998 Trojae
539 964 649 991 novae
665 956 913 993 munimenta
929 958 1126 1000 impetum
1142 957 1272 993 faciat.
1289 956 1465 998 Trojanis
1482 966 1571 992 vero
1587 965 1663 992 non

400 1018 695 1063 egredientibus
713 1019 760 1053 ad
777 1027 965 1064 pugnam,
985 1022 1136 1054 Turnus
1156 1026 1292 1053 eorum
1319 1026 1436 1053 naves
1457 1016 1591 1062 oppidi
1606 1019 1664 1052 la-

403 1080 481 1115 teri
500 1080 676 1115 admotas
695 1084 804 1124 parat
822 1080 1053 1116 incendere:
1070 1079 1238 1121 sedulae,
1259 1079 1370 1115 ldaeae
1388 1079 1528 1114 matris
1544 1078 1666 1112 bene-

403 1139 505 1182 ficio,
530 1142 735 1177 mutantur
765 1142 938 1176 marinas
962 1141 1004 1175 in
1026 1140 1239 1186 Nymphas.
1260 1139 1425 1175 Interim
1445 1139 1601 1183 Trojani
1618 1139 1666 1173 do

400 1192 615 1237 revoc-ando
629 1210 698 1245 per
713 1201 876 1238 nuncios
891 1203 1005 1237 AEnea
1024 1201 1196 1241 solliciti,
1227 1201 1321 1236 dum
1336 1200 1440 1236 inter
1455 1208 1494 1235 se
1510 1201 1666 1235 consul-

404 1264 502 1304 tant,
527 1264 640 1298 Nisus
668 1266 705 1298 et
725 1263 925 1307 Euryalus,
955 1270 1025 1305 par
1044 1260 1174 1297 nobile
1191 1260 1421 1301 amicorum,
1453 1260 1552 1293 hanc
1567 1261 1668 1294 ultro

404 1324 619 1368 suscipiunt
649 1324 916 1367 provinciam:
947 1321 1094 1358 laudati
1127 1315 1176 1357 ab
1202 1322 1386 1362 Ascanio,
1414 1320 1666 1364 dimissique,

405 1386 549 1421 caedem
570 1387 798 1421 Rutulorum
815 1391 929 1421 noctu
945 1393 1132 1429 magnam
1152 1383 1323 1424 saciunt3
1342 1389 1555 1426 eorumque
1577 1389 1667 1426 spo—

408 1447 471 1482 liis
497 1447 638 1488 induti‚
669 1448 762 1483 dum
781 1448 948 1492 pergunt
973 1454 1098 1489 porro,
1118 1453 1138 1479 a
1155 1443 1302 1479 Latinis
1319 1442 1516 1487 equitibus
1543 1441 1672 1477 obviis

407 1506 649 1544 occiduntur.
665 1511 817 1543 Turnus
831 1504 1165 1549 oppugnationem
1184 1512 1298 1539 mane
1329 1503 1532 1537 instaurat.
1553 1503 1670 1537 Asca-

408 1569 496 1603 nius
517 1571 739 1603 Numanum
755 1565 985 1602 insolentius
1006 1564 1236 1599 illudentem
1256 1563 1398 1597 emissa
1417 1561 1591 1599 &muris
1606 1570 1670 1597 sa-

413 1628 509 1673 gitta
527 1628 699 1672 configit.
723 1631 800 1671 Quo
814 1635 991 1662 successu
1008 1624 1100 1660 elati
1120 1624 1315 1659 Pandarus
1345 1626 1382 1658 et
1401 1623 1520 1658 Bitias
1542 1625 1671 1666 portas

408 1692 627 1732 recludunt,
655 1692 693 1726 et
711 1690 869 1726 Rutulos
899 1689 1108 1725 subeuntes
1132 1695 1276 1731 magna
1296 1689 1425 1730 strage
1441 1686 1673 1729 propellunt.

410 1757 562 1789 Turnus
595 1752 694 1787 sacto
721 1751 872 1795 impetu
890 1749 1048 1785 tandem
1065 1746 1273 1790 irrumpit:
1295 1746 1361 1782 sed
1380 1746 1519 1782 clausis
1537 1746 1673 1789 portis,

408 1814 580 1851 hostium
613 1811 866 1848 multitudine
892 1809 1204 1848 circumventus,
1237 1807 1426 1852 paulatim
1454 1806 1603 1844 recedit
1628 1806 1673 1841 in

409 1884 496 1911 eam
514 1874 646 1920 oppidi
663 1877 814 1918 partem
832 1880 950 1917 quam
970 1870 1122 1908 Tiberis
1139 1869 1320 1905 adluebat
1337 1880 1345 1912 ;
1368 1871 1429 1912 et,
1449 1871 1491 1904 ut
1508 1870 1592 1905 erat
1612 1877 1674 1905 ar·

407 1942 548 1982 matus,
568 1938 611 1972 in
627 1937 772 1973 flumen
790 1936 986 1977 desilienS,
1006 1934 1053 1969 ad
1068 1943 1155 1969 suos
1171 1935 1303 1969 natatu
1320 1932 1543 1969 revertitur.

368 2099 513 2150 Atque
533 2106 585 2138 ea
603 2094 779 2136 diversa
799 2094 979 2147 penitus
1000 2090 1107 2132 dum
1128 2093 1252 2143 parte
1272 2093 1503 2143 geruntur,

366 2167 475 2208 Irim
493 2166 546 2207 de
571 2164 684 2207 ccelo
700 2164 819 2205 misit
836 2162 1041 2204 Saturnia
1061 2164 1181 2202 Juno

369 2236 595 2279 Audacem
617 2234 672 2276 ad
692 2238 908 2275 Turnum.
927 2235 1045 2273 Luco
1062 2233 1155 2271 tum
1175 2228 1288 2272 forte
1305 2230 1502 2285 parentis

371 2307 560 2349 Pilumni
582 2309 755 2347 Turnus
771 2307 942 2347 sacrata
956 2302 1068 2344 valle
1085 2301 1280 2343 sedebat.

373 2379 440 2420 Ad
457 2387 587 2430 quem
612 2376 675 2418 sic
690 2385 820 2418 roseo
834 2371 1147 2415 Thaumantias
1167 2382 1244 2413 ore
1262 2370 1410 2413 locuta
1427 2373 1519 2414 est:

376 2442 1520 2500 «Tuum,qufflimfifflnifflvmnpmmnstfflenfflno
