1917 2942
288 334 339 374 28
786 337 1085 378 BUCOLICA.
1533 337 1592 377 ,58

289 422 428 463 Lenta
443 421 601 473 quibus
622 422 751 464 torno
773 420 887 465 facili
907 423 1188 478 superaddita
1207 425 1307 467 vitis

289 488 481 531 Diffusos
500 489 662 532 hedera
679 491 810 533 vestit
827 492 1018 545 pallente
1032 495 1282 547 corymbos.

289 560 341 600 In
361 558 614 609 medio'ssduo
633 560 785 613 signa:
809 564 967 603 Conon
985 578 996 602 z
1019 565 1112 605 et...
1133 564 1228 616 quis
1247 562 1329 605 suit
1349 562 1533 605 alter...·?

289 628 530 680 Descripsit
543 628 667 670 raclio
688 631 831 671 totum
845 630 921 683 qui
938 632 1140 683 gentibus
1151 633 1304 674 orbem
1313 646 1332 680 ’ς

286 700 498 751 Tempora
514 708 610 750 quae
630 710 812 744 messor,
831 711 926 752 quae
943 713 1101 743 curvus
1120 707 1284 750 arator,
1302 701 1502 746 hamelet.

289 769 486 811 Necdum
507 769 589 812 illis
612 771 734 813 labra
754 771 953 820 admovi,
975 771 1051 814 sed
1068 773 1246 815 condita
1266 784 1409 814 servo.

811 849 1065 883 DAMOETAS.

288 909 343 947 Et
357 906 482 949 nobis
502 908 620 950 idem
636 909 897 951 Alcimedon
917 909 1007 951 duo
1026 910 1183 964 pocula
1202 908 1328 958 fecit,

285 979 343 1017 Et
360 976 482 1017 molli
500 979 669 1020 circum
689 980 754 1021 est
768 990 893 1021 ansas
921 982 1144 1033 amplexus
1164 979 1354 1022 acantho
1373 997 1383 1028 ;

288 1045 553 1098 Orpheaque
571 1046 618 1086 in
635 1047 783 1088 medio
802 1049 966 1100 posuit,
985 1049 1199 1100 silvasque
1216 1050 1461 1101 sequentes.

288 1113 484 1156 Necdum
500 1115 582 1157 illis
596 1116 718 1158 labra
736 1116 937 1165 admovi,
959 1117 1036 1159 sed
1057 1117 1237 1160 condita
1254 1129 1397 1160 servo.

287 1185 329 1228 Si
349 1183 403 1227 ad
423 1184 609 1226 vitulam
628 1187 823 1238 spectas,
847 1185 957 1227 nihil
977 1189 1042 1229 est
1060 1187 1178 1240 quod
1194 1188 1354 1242 pocula
1371 1186 1537 1229 laudes.

828 1265 1070 1298 MENALCAS.

284 1326 520 1379 Nunquam
534 1323 668 1367 hodie
683 1323 865 1377 effugies
880 1341 889 1365 ι
904 1325 1105 1372 veniam,
1127 1335 1389 1378 quocunque
1408 1326 1589 1368 vocaris.

285 1394 448 1436 Audiat
465 1393 558 1436 hcec
577 1396 771 1443 tantuin,
793 1395 864 1437 vel
878 1396 953 1447 qui
972 1396 1116 1442 venit,
1140 1406 1267 1441 ecce.
1290 1397 1529 1437 Palaemon.

285 1464 485 1508 Efficiam
502 1463 683 1518 posthac
703 1497 711 1513 ‚
733 1476 790 1508 ne
809 1477 1076 1519 quemquam
1094 1475 1203 1507 voce
1221 1468 1420 1508 lacessas.

810 1543 1059 1578 DAMOETAS.

283 1604 399 1655 Quin
416 1615 496 1656 age
513 1636 521 1650 ‚
539 1604 698 1657 siquid
715 1604 848 1646 habes
863 1622 873 1653 3
891 1605 938 1645 in
956 1616 1027 1648 me
1050 1616 1175 1648 mora
1188 1615 1280 1647 non
1295 1606 1378 1647 erit
1391 1605 1479 1648 ulla
1497 1622 1507 1654 ;

284 1674 373 1715 Nec
392 1683 658 1725 quemquam
679 1672 797 1724 fugio
817 1688 827 1713 ι
849 1676 1023 1714 tantum
1041 1705 1050 1721 ‚
1067 1673 1214 1716 vicine
1232 1674 1482 1721 Palaemon,

286 1745 492 1787 Sensibus
510 1745 606 1787 haec
625 1745 722 1787 imis
744 1746 831 1797 (res
847 1746 1019 1787 estnon
1039 1746 1194 1798 parva)
1214 1757 1418 1801 reponas.

807 1823 1047 1857 PALAEMON.

282 1882 425 1924 Dicite
447 1899 456 1923 :
486 1883 847 1936 quandoquidem
869 1884 917 1924 in
935 1883 1059 1924 molli
1076 1883 1354 1926 consedimus
1373 1884 1532 1932 herba;

284 1955 339 1994 Et
353 1964 473 1996 nunc
486 1955 629 1997 omnis
651 1966 767 2007 ager,
789 1965 911 1996 nunc
929 1953 1072 1995 omnis
1092 1954 1281 2008 parturit
1308 1954 1435 1996 arbos
1454 1971 1464 2003 3

283 2025 411 2065 Nunc
430 2022 640 2064 frondent
657 2024 776 2065 silvae
796 2052 805 2068 ,
826 2032 950 2064 nunc
971 2021 1308 2064 formosissimus
1324 2034 1481 2064 annus.

278 2090 457 2144 Incipe,
480 2093 709 2132 Damoeta:
735 2092 782 2132 tu
797 2088 957 2132 deiude
978 2101 1160 2143 sequere
1178 2122 1187 2137 ‚
1207 2090 1417 2133 Menalca.

280 2161 474 2203 Alternis
495 2158 648 2203 dicetis
671 2177 681 2201 ι
703 2163 854 2202 amant
868 2160 1035 2202 alterna
1054 2163 1272 2202 Camenae.

800 2238 1052 2275 DAMOETAS.

281 2300 349 2341 Ab
367 2302 477 2342 Jove
499 2299 784 2353 principium,
807 2303 939 2342 Messe
958 2316 969 2340 :
992 2300 1113 2342 Jovis
1131 2302 1282 2343 omnia
1299 2302 1455 2354 plena:

279 2369 356 2410 Ille
374 2367 481 2410 colit
502 2370 637 2410 terras
659 2382 668 2406 :
689 2365 752 2409 illi
773 2378 871 2409 mea
891 2367 1088 2410 earmina
1110 2378 1247 2411 curae.

825 2448 910 2480 ΜΕΝ
919 2446 1069 2481 ALCAS.

285 2510 337 2548 Er
360 2519 428 2552 me
447 2507 634 2553 Phoebus
653 2510 768 2551 amat.
789 2523 797 2547 ε
819 2506 986 2549 Phoebo
1003 2518 1077 2550 su]
1098 2512 1270 2561 semper
1294 2508 1409 2562 apud
1426 2520 1500 2551 me>
