1917 2942
375 338 455 376 530
904 336 1161 376 AENEIDOS
1606 338 1683 378 614

378 426 465 463 Aut
485 433 632 466 acrem
646 420 821 465 dubites
841 423 888 463 in
907 422 1052 475 praelia
1067 431 1250 475 poscere
1262 427 1477 465 Turnum.
1499 440 1516 461 υ

431 493 546 534 Dixit
566 525 574 540 ‚
597 495 642 534 et
660 493 888 545 amplexus
909 492 1000 533 nati
1018 491 1233 543 Cytherea
1249 491 1407 547 petivit
1423 510 1434 542 ς

376 566 510 603 Arma
528 562 608 604 sub
630 560 813 603 adversa
832 563 980 616 posuit
1000 561 1217 604 radiantia
1234 573 1418 615 quercu.

377 631 456 673 llle
470 661 480 679 ,
505 631 600 674 deae
622 632 751 673 donis
771 633 816 674 et
833 634 959 673 tanto
978 631 1103 672 laetus
1124 629 1295 674 bonore
1313 664 1322 679 ‚

376 702 552 754 Expleri
574 700 749 752 nequit,
770 702 901 753 atque
921 700 1072 742 oculos
1090 710 1169 752 per
1188 701 1360 753 singula
1381 700 1541 745 volvit,

380 769 678 823 Miraturque,
703 768 909 821 interque
930 780 1086 810 manus
1109 772 1154 809 et
1170 769 1348 812 brachia
1366 774 1511 812 versat

377 837 640 880 Terribilem
661 838 805 880 cristis
826 838 998 890 galeam
1019 838 1298 891 flammasque
1317 841 1571 880 vomentem
1585 869 1599 888 ,

380 906 711 959 Fatii'erumque
732 918 882 949 ensem
899 938 908 955 ,
931 907 1115 950 loricam
1132 918 1185 949 ex
1198 919 1283 955 aere
1300 909 1542 961 rigentem,

378 976 678 1028 Sanguineam
694 1007 702 1020 ,
721 976 949 1029 ingentem
970 1010 979 1024 ,
1001 977 1141 1030 qualis
1155 1007 1165 1027 ‚
1187 989 1325 1030 quum
1342 978 1506 1021 caernla
1528 978 1667 1020 nubes

378 1046 491 1088 Solis
512 1045 752 1089 inardescit
771 1045 906 1088 radiis
930 1046 1150 1099 longeque
1171 1047 1384 1100 refulget;

380 1120 494 1158 Tum
515 1119 631 1158 leves
651 1126 803 1158 ocreas
821 1117 986 1159 electro
1003 1127 1199 1169 auroque
1216 1122 1394 1159 recocto
1408 1147 1420 1167 ‚

380 1189 655 1238 Hastamque
671 1217 681 1233 ‚
704 1189 747 1227 et
768 1186 897 1239 clipei
912 1197 1003 1227 non
1023 1185 1271 1228 enarrabile
1291 1189 1469 1229 textum.

377 1255 472 1297 Illic
487 1267 555 1298 res
577 1255 703 1295 Italas
717 1258 1109 1308 Romanorumque
1130 1254 1375 1309 triumphos
1392 1286 1402 1302 ‚

378 1324 509 1367 Haud
533 1328 685 1367 vatum
700 1325 883 1377 ignarus
900 1325 1164 1378 venturique
1184 1325 1350 1367 inscius
1367 1324 1471 1371 aevi,

380 1396 566 1437 Fecerat
586 1395 846 1449 Ignipotens
865 1410 875 1433 z
896 1393 986 1436 illic
1004 1405 1143 1447 genus
1163 1391 1296 1435 ornne
1312 1391 1474 1434 futurae

379 1465 536 1518 Stirpis
557 1465 611 1506 ab
633 1464 853 1512 Ascanio,
873 1466 1156 1516 pugnataque
1176 1464 1222 1503 in
1243 1462 1399 1504 ordine
1421 1462 1551 1504 bella.

381 1537 567 1575 Fecerat
587 1535 632 1574 et
646 1532 776 1574 viridi
796 1531 929 1575 fetam
951 1532 1155 1574 Mavortis
1173 1531 1218 1572 in
1238 1534 1366 1573 antro

379 1602 676 1643 Procubuisse
697 1602 848 1655 lupam
869 1616 879 1641 :
902 1602 1103 1653 geminos
1123 1599 1226 1643 huic
1246 1599 1381 1642 ubera
1397 1601 1566 1642 circum

379 1672 554 1714 Ludere
572 1671 817 1726 pendentes
836 1682 996 1724 pueros
1014 1702 1023 1718 ‚
1044 1673 1088 1710 et
1106 1669 1299 1711 lambere
1317 1672 1506 1711 matrem

379 1741 658 1796 lmpavid053
680 1740 800 1783 illam
821 1740 949 1782 tereti
972 1738 1145 1782 cervice
1166 1737 1372 1780 reflexam

381 1813 575 1852 mulcere
596 1811 789 1852 alternos
804 1839 814 1857 ,
836 1812 880 1851 et
899 1820 1089 1861 corpora
1106 1807 1272 1860 fingere
1290 1807 1456 1858 lingua.

379 1884 469 1925 Nec
489 1881 648 1936 procui
670 1881 774 1925 hinc
797 1887 1006 1928 Romam,
1038 1886 1080 1922 et
1100 1882 1246 1932 raptas
1267 1879 1362 1921 sine
1380 1888 1505 1920 more
1522 1876 1699 1919 Sabinas

382 1956 601 1994 consessu
618 1963 763 1994 caveae
783 1983 792 1997 ‚
818 1951 990 2003 magnis
1010 1949 1286 1992 Circensibus
1304 1947 1434 1996 actis,

382 2020 654 2069 Addiderat,
674 2021 909 2075 subitoque
934 2030 1102 2062 novum
1124 2028 1392 2070 consurgere
1411 2016 1575 2058 bellum

379 2092 649 2141 Romulidis,
671 2092 887 2145 Tatioque
905 2090 1025 2139 seni,
1044 2089 1322 2142 Curibusque
1340 2087 1528 2134 severisz

382 2164 487 2203 Post
505 2162 640 2209 idem,
661 2162 778 2202 inter
798 2172 844 2203 se
866 2159 1012 2213 posito
1032 2157 1277 2201 certamine
1295 2189 1304 2205 ,
1323 2166 1451 2207 reges

382 2233 557 2273 Armati
574 2231 694 2272 Jovis
711 2233 814 2273 ante
833 2240 979 2276 arani,
997 2232 1258 2283 paterasque
1279 2228 1478 2268 tenentes
1490 2255 1501 2271 ,

382 2300 581 2348 stabant,
601 2302 645 2343 et
669 2289 1042 2350 caesajungebaut
1065 2293 1230 2337 foedera
1249 2304 1405 2348 porca.

384 2371 510 2411 Haud
535 2370 691 2424 procul
709 2369 836 2415 inde,
860 2367 958 2410 citae
977 2366 1159 2409 Metiuin
1180 2365 1226 2405 in
1249 2364 1422 2407 diversa
1440 2362 1665 2417 quadrigae

387 2441 660 2484 Distnleraut
675 2442 690 2491 (
707 2442 751 2482 at
771 2442 816 2481 tu
838 2437 966 2481 dictis
984 2469 992 2486 ,
1012 2436 1178 2479 Albane
1196 2466 1206 2482 ‚
1227 2445 1428 2476 maneres
1446 2437 1456 2476 1
1477 2438 1514 2488 )‚
