1917 2942
316 327 401 367 538
853 328 1099 368 AENEIDOS
1552 328 1631 365 234

324 413 618 465 prospectum
638 412 829 466 eripiens
851 413 1010 460 oculis;
1029 413 1336 464 glomeratque
1355 411 1436 455 sub
1456 416 1586 454 antro

324 479 596 523 Fumiferam
614 483 791 524 noctem
807 483 1055 524 commixtis
1075 482 1173 535 igne
1190 483 1403 525 tenebris.

325 554 423 594 Non
444 551 543 593 tulit
560 550 733 594 Alcides
755 551 935 598 animis,
956 562 1090 603 seque
1107 552 1116 591 i
1123 561 1197 605 pse
1215 552 1457 604 perignem

325 618 549 673 Praecipiti
566 618 718 670 injecit
732 618 868 664 saltu,
891 629 978 671 qua
995 618 1211 670 plurimus
1231 618 1396 660 undam

328 691 492 730 Fumus
506 688 615 741 agit,
637 688 892 740 nebulaque
907 688 1063 740 ingens
1082 698 1237 741 specus
1253 691 1409 730 aestuat
1429 693 1537 730 atra.

328 758 413 800 Hic
427 761 590 799 Cacum
611 757 871 799 intenebris
892 755 1098 798 incendia
1116 768 1231 798 vana
1249 759 1502 801 moventem

329 827 527 879 Corripit
542 827 588 868 in
609 825 778 868 nodum
797 826 1071 879 complexus,
1094 830 1138 868 et
1157 828 1280 880 angit
1296 827 1519 870 inhaerens

329 897 471 939 Elisos
489 896 663 946 oculOS,
687 898 735 938 et
752 896 921 937 siccum
943 896 1157 948 sanguine
1179 898 1347 948 guttur.

331 964 550 1007 Panditur
565 965 784 1017 extemplo
803 963 969 1005 foribus
985 964 1143 1005 domus
1161 967 1253 1005 atra
1272 964 1453 1007 revulsis
1469 982 1478 1012 ;

330 1034 662 1087 Abstractaeque
683 1033 816 1077 hoves
838 1034 1135 1087 abjurataeque
1158 1035 1322 1089 rapinae

330 1106 452 1147 Coelo
468 1104 782 1152 ostenduntur,
807 1104 1078 1158 pedibusque
1097 1103 1289 1147 informe
1308 1104 1499 1147 cadaver

333 1174 614 1216 Protrahitur
636 1190 646 1215 ε
666 1176 896 1227 nequeunt
914 1174 1080 1227 expleri
1098 1174 1233 1215 corda
1254 1172 1419 1215 tuendo

333 1244 565 1286 Terribiles
584 1243 738 1286 oculos
756 1273 765 1292 ‚
791 1244 991 1291 vultum,
1013 1244 1262 1297 villosaque
1278 1245 1396 1285 saetis

334 1316 523 1358 Pectora
540 1312 730 1356 semiferi
748 1345 758 1362 ,
781 1316 912 1365 atque
932 1315 1171 1356 exstinctos
1192 1313 1390 1356 faucibus
1407 1314 1545 1366 ignes.

336 1387 398 1425 Ex
412 1384 487 1425 illo
506 1383 752 1426 celebratus
772 1382 939 1434 honos,
962 1384 1139 1436 laetique
1163 1383 1356 1424 minores

337 1457 576 1496 servavere
595 1453 737 1500 diem,
758 1453 1019 1507 primusque
1039 1452 1225 1493 Potitius
1245 1455 1416 1502 auctor,

338 1528 393 1566 Et
407 1524 564 1566 domus
583 1523 793 1567 Herculei
807 1525 954 1565 custos
970 1522 1149 1563 Pinaria
1168 1521 1280 1562 sacri

339 1600 465 1640 Hanc
486 1607 606 1637 aram
627 1595 729 1637 luco
744 1593 918 1639 statuit,
942 1603 1039 1644 quae
1061 1591 1246 1632 maxima
1264 1601 1437 1644 semper

339 1666 522 1707 Dicetur
540 1662 666 1705 nobis
679 1693 689 1708 ‚
712 1661 854 1705 eterit
870 1672 966 1714 quae
993 1660 1179 1702 maxima
1194 1670 1382 1713 semper.

340 1738 486 1786 Quare
505 1733 619 1786 agite
638 1764 648 1780 ‚
670 1742 697 1773 o
711 1733 898 1783 juvenes
915 1761 926 1780 ‚
952 1732 1174 1771 tantarum
1194 1730 1237 1770 in
1259 1737 1444 1770 munere
1463 1726 1648 1768 laudum

341 1804 515 1857 cingite
532 1801 691 1844 fronde
711 1811 884 1849 comas,
908 1802 953 1841 et
972 1799 1129 1854 pocula
1147 1799 1319 1853 porgite
1341 1796 1502 1840 dextris
1517 1827 1529 1847 ,

340 1875 718 1925 Communemque
731 1871 887 1912 vocate
907 1867 1061 1912 deum,
1080 1869 1126 1910 et
1143 1869 1242 1910 date
1259 1867 1366 1909 vina
1382 1866 1598 1908 volentes.
1615 1882 1633 1902 »

395 1944 570 1985 Dixerat
589 1958 600 1982 ι
624 1941 838 1985 Herculea
857 1940 1029 1982 bicolor
1043 1949 1178 1993 quum
1195 1937 1388 1993 populus
1403 1936 1559 1978 umbra

342 2013 598 2066 velavitque
617 2023 789 2060 comas,
810 2010 1014 2063 foliisque
1034 2010 1194 2051 innexa
1210 2006 1422 2061 pependit
1437 2021 1447 2053 ;

341 2086 398 2125 Et
415 2094 540 2126 sacer
557 2082 755 2136 implevit
774 2080 972 2124 dextram
990 2078 1197 2131 scyphus.
1214 2079 1359 2129 Ocyus
1377 2085 1533 2117 omnes

341 2157 393 2195 ln
412 2164 610 2196 mensam
626 2151 715 2194 laeti
729 2151 892 2196 libant,
918 2149 1128 2202 divosque
1146 2149 1399 2202 precantur.

396 2225 574 2266 Devexo
593 2222 765 2264 interea
783 2222 967 2275 propior
983 2216 1033 2260 fit
1047 2221 1211 2271 Vesper
1227 2217 1420 2270 Olympo
1437 2232 1448 2262 ;

345 2298 535 2347 Jamque
552 2291 801 2336 sacerdotes
818 2291 1070 2344 primusque
1090 2288 1274 2330 Potitius
1293 2288 1415 2330 ibant
1432 2318 1442 2333 ‚

347 2362 541 2405 Pellibus
561 2363 607 2403 in
622 2372 792 2404 rnorem
812 2361 969 2408 cincti,
989 2359 1276 2412 flammasque
1293 2357 1507 2401 ferebant.

347 2433 602 2479 Instaurant
618 2430 792 2485 epulas,
816 2432 858 2473 et
874 2440 1037 2472 mensae
1053 2430 1177 2483 grata
1191 2427 1395 2471 secunda}
