1917 2942
270 317 347 355 555
795 316 959 354 LIBER
990 317 1044 354 11.
1501 320 1567 356 {Si

266 402 429 442 Extulit
445 432 454 447 ,
475 413 524 445 ac
544 402 669 444 lateri
683 401 841 455 capulo
862 404 988 443 tenus
1004 401 1172 443 abdidit
1185 413 1348 445 ensem.

266 473 371 513 Haec
392 470 488 512 finis
504 471 668 512 Priami
687 471 875 512 fatorum
900 487 909 511 :
929 470 1002 513 hic
1018 473 1156 513 exitus
1174 471 1297 513 illum

263 541 387 582 Sorte
404 540 528 588 tulit,
550 540 727 590 'frojam
747 539 997 586 incensam,
1018 544 1062 582 et
1085 541 1291 593 prolapsa
1319 537 1545 581 videntem

265 612 478 660 Pergama
494 623 504 655 ;
525 611 591 650 tot
611 606 839 661 quondam
857 608 1032 662 populis
1047 608 1261 660 terrisque
1278 608 1520 661 superbum

262 681 558 731 Regnatorem
574 679 703 719 Asiae.
725 680 747 718 J
754 680 849 718 acet
864 679 1019 729 ingens
1034 678 1164 720 litore
1180 681 1362 719 truncus
1376 708 1386 728 ‚

263 748 562 801 Avulsumque
574 747 769 789 humeris
788 750 944 799 caput,
966 749 1010 789 et
1033 749 1127 789 sine
1143 749 1325 790 nomine
1340 759 1517 802 corpus.

313 820 372 857 At
390 828 460 858 me
483 818 576 858 tum
595 817 790 869 primum
805 826 945 858 saevus
959 815 1249 859 clrcumstetit
1262 817 1436 858 horror.

259 887 475 940 Obstupui
495 902 504 927 ε
524 887 657 929 subiit
676 886 765 929 cari
793 886 1001 939 genitoris
1021 888 1165 940 imago
1182 903 1192 934 ;

261 957 318 995 Ut
332 966 481 1008 regem
501 966 746 1008 aequaevum
765 954 934 997 erudeli
953 955 1134 998 vulnere
1150 955 1243 997 vidi

258 1025 398 1066 Vitam
416 1024 692 1066 exhalantem
709 1041 719 1073 ;
738 1023 872 1065 subiit
886 1024 1058 1067 deserta
1078 1028 1263 1070 Creusa.

258 1096 312 1134 Et
331 1094 501 1147 direpta
519 1093 676 1135 domus
696 1126 704 1141 ‚
729 1098 774 1137 et
792 1094 913 1145 parvi
934 1105 1058 1136 casus
1075 1095 1172 1136 ltili.

260 1164 484 1216 Respicis),
509 1166 553 1207 et
572 1175 668 1217 quae
688 1165 744 1206 sit
762 1176 833 1206 me
850 1165 1019 1207 circum
1034 1165 1160 1218 copia
1180 1164 1337 1207 lustro.

206 1253 209 1256 -
264 1235 503 1274 Deseruere
524 1243 677 1274 omues
698 1231 855 1275 defessi
875 1264 884 1280 ,
910 1235 954 1275 et
973 1243 1161 1286 corpora
1177 1232 1289 1274 saltu

259 1301 324 1342 Ad
344 1303 507 1343 terram
522 1302 703 1351 misere,
725 1306 800 1345 aut
812 1303 987 1354 ignibus
1007 1314 1125 1356 aegra
1139 1302 1378 1351 dedere-f

307 1374 512 1425 (Jamque
530 1371 640 1414 adeo
661 1358 793 1425 super
805 1384 919 1414 uuus
934 1383 1067 1421 eram;
1086 1384 1223 1426 quum
1236 1373 1391 1415 limina
1406 1377 1542 1418 Vestae

253 1443 534 1489 servantem,
558 1445 601 1484 et
618 1442 794 1483 tacitam
814 1444 980 1485 secreta
1000 1444 1046 1483 in
1062 1442 1165 1486 sede
1184 1444 1396 1487 latentem

252 1511 502 1565 Tyndarida
519 1513 714 1567 adspicio
740 1530 749 1553 ι
780 1512 888 1554 dant.
905 1514 1021 1555 clara
1037 1513 1247 1556 incendia
1264 1515 1411 1557 lucem

252 1582 451 1631 Erranti‚
471 1583 723 1636 passimque
745 1583 896 1625 oculos
915 1595 994 1637 per
1011 1588 1173 1625 cuneta
1191 1580 1363 1626 ferenti.

249 1651 330 1692 Illa
346 1650 428 1692 sibi
449 1650 628 1693 infestos
645 1662 797 1694 eversa
815 1652 871 1693 ob
891 1655 1106 1704 Pergama
1123 1655 1340 1699 Teucros,

254 1724 310 1761 Et
328 1732 480 1775 poenas
505 1720 728 1768 Danaum,
753 1724 796 1764 et
815 1720 978 1769 deserti
992 1723 1198 1775 conjugis
1212 1723 1324 1768 iras,

259 1793 583 1837 Praemetuens,
614 1795 750 1843 Trojae
769 1793 814 1833 et
832 1792 984 1845 patriae
1001 1781 1249 1833 communis
1268 1793 1483 1846 Erinnys,

252 1862 494 1904 Abdiderat
516 1873 633 1910 sese,
656 1865 786 1915 atque
802 1863 885 1904 aris
902 1863 1044 1905 invisa
1060 1862 1258 1905 sedebat.

253 1935 465 1974 Exarsere
488 1932 611 1983 ign-”s
631 1934 806 1980 animm
830 1934 949 1976 subit
969 1934 1032 1974 ira
1048 1933 1281 1975 cadentem

249 2000 414 2042 Ulcisci
432 2003 620 2055 patriam
640 2033 649 2049 ,
675 2007 718 2043 et
735 2004 968 2044 sceleratas
983 2014 1156 2046 sumere
1171 2014 1339 2056 poenas.

246 2070 418 2112 Scilicet
436 2070 532 2114 haec
548 2074 748 2126 Spartam
766 2073 1002 2114 incolumis
1019 2103 1028 2120 ‚
1051 2073 1304 2128 patriasque
1321 2077 1527 2127 Mycenas

248 2137 472 2193 Adspiciet
490 2170 498 2186 ‚
517 2143 732 2194 partoque
755 2140 835 2182 ibit
849 2142 1004 2194 regina
1023 2141 1284 2196 triumpho?

246 2210 619 2264 conjugiumque,
643 2209 927 2264 domumque,
946 2217 1105 2266 patres,
1122 2216 1340 2268 natosque
1356 2215 1535 2260 videbit,

246 2278 434 2321 Iliadum
458 2280 586 2321 turba
602 2282 645 2322 et
661 2280 865 2333 Phrygiis
880 2284 1092 2325 comitata
1111 2283 1321 2325 ministris
1333 2285 1352 2324 ’ἒ

245 2350 379 2392 occid
388 2350 472 2392 erit
485 2348 602 2393 ferro
625 2351 853 2393 Priamus?
874 2355 1001 2405 Troja
1017 2353 1171 2396 arserit
1190 2354 1309 2404 igni?

252 2419 521 2463 Dardauimu
541 2421 669 2463 toties
684 2422 854 2464 sudarit
874 2424 1089 2476 sauguine
1103 2424 1207 2466 litus
1224 2426 1241 2466 ἱ)
