1917 2942
217 318 292 357 276
717 319 878 358 LIBER
911 319 1002 359 vu.
1444 323 1516 361 51⁴

216 404 431 446 Omnibus
446 406 666 457 extemplo
684 406 863 448 Teucris
879 406 1007 457 jubet
1026 407 1183 450 ordine
1205 408 1303 451 duci

219 476 428 516 lustratos
447 479 567 517 ostro
587 475 777 527 alipedes
797 475 1015 529 pictisque
1034 477 1204 529 tapetis.

219 547 362 585 Aurea
377 545 631 598 pectoribus
648 544 833 586 demissa
850 545 1031 587 monilia
1047 545 1244 599 pendent
1262 562 1272 586 :

221 614 337 656 Tecti
357 626 482 662 auro,
502 613 669 656 fulvum
691 614 909 656 mandunt
930 615 1010 657 sub
1028 616 1231 657 dentibus
1247 627 1418 658 aurum.

220 682 402 725 Absenti
417 685 563 724 AEneae
583 693 765 726 currum
785 684 1070 737 geminosque
1086 683 1271 736 jugales,

220 752 393 793 Semine
414 752 467 793 ab
484 751 679 800 aetherio,
699 753 916 806 spirantes
935 754 1115 794 naribus
1131 753 1297 804 ignem,

219 820 398 862 Illorum
419 820 473 863 de
491 823 635 873 gente,
658 821 774 874 patri
795 832 902 873 quos
924 820 1098 864 Daedaia
1117 821 1243 864 Circe

218 891 450 943 supposita
465 890 519 932 de
536 893 676 932 matre
696 890 855 932 nothos
872 889 1012 931 furata
1028 892 1210 934 creavit.

219 960 388 1001 Talibus
411 959 616 1002 AEneadae
633 960 760 1001 donis
779 960 994 1013 dictisque
1014 961 1159 1002 Latini

217 1030 436 1072 sublimes
450 1030 495 1071 in
514 1030 636 1083 equis
653 1030 853 1075 redeunt.
874 1041 1114 1084 pacemque
1131 1034 1377 1084 reportant.

269 1103 382 1142 Ecce
401 1105 548 1142 autem
573 1099 759 1141 Inachiis
775 1111 868 1141 sese
885 1098 1099 1142 referebat
1115 1101 1166 1141 ab
1188 1102 1316 1152 Argis

221 1174 342 1210 Saeva
363 1170 485 1211 Jovis
506 1169 682 1220 conjux,
702 1179 917 1222 aurasque
934 1169 1108 1210 invecta
1125 1170 1325 1218 tenebat3

220 1242 272 1279 Et
286 1239 437 1281 laetum
458 1241 623 1281 AEneau
644 1240 914 1291 classemque
934 1249 985 1279 ex
1005 1238 1167 1281 aethere
1181 1238 1318 1292 longo

223 1307 481 1350 Dardaniam
501 1307 648 1349 Siculo
664 1308 889 1360 prospexit
904 1307 957 1349 ab
977 1319 1116 1360 usque
1139 1309 1367 1362 Pachyno.

223 1377 367 1419 Moliri
378 1379 471 1429 jam
489 1378 602 1419 tect-a
619 1375 754 1422 videt.
769 1378 861 1428 jam
880 1375 1014 1419 fidere
1031 1380 1183 1426 terrae3

221 1450 469 1490 Deseruisse
498 1449 629 1488 rates.
651 1446 781 1488 Stetit
796 1446 885 1488 acri
903 1443 985 1487 fixa
1001 1444 1172 1490 dolore.

221 1522 331 1559 Tum
349 1528 561 1572 quassans
578 1519 726 1571 caput,
746 1515 842 1558 haec
861 1515 1050 1559 effundit
1069 1520 1245 1570 pectore
1262 1518 1401 1561 dicta:

276 1604 291 1624 α
319 1592 415 1630 Heu
434 1589 616 1640 stirpem
631 1587 835 1635 invisam,
855 1589 899 1629 et
916 1586 1011 1628 fatis
1031 1588 1252 1630 contraria
1265 1591 1426 1630 nostris

222 1660 326 1699 Fata
346 1657 601 1709 Phrygum!
624 1667 731 1697 num
752 1655 883 1708 Sigeis
901 1657 1166 1699 occumbere
1182 1658 1363 1710 campis,

224 1729 337 1768 Num
350 1727 468 1780 capti
486 1729 670 1779 potuere
690 1725 819 1779 capi?
837 1737 944 1767 num
965 1726 1147 1768 incensa
1167 1728 1381 1769 cremavit

217 1799 351 1849 'froja
369 1796 514 1838 viros?
537 1795 703 1838 medias
718 1795 848 1842 acies,
870 1794 1130 1849 mediosque
1146 1808 1226 1850 per
1243 1796 1369 1849 ignes

224 1869 433 1907 invenere
452 1867 583 1908 viam.
604 1868 676 1910 At.
699 1864 846 1912 credo,
869 1875 968 1905 mea
983 1865 1165 1907 numina
1186 1861 1367 1910 tandem

224 1936 346 1977 Fessa
360 1937 512 1987 jacent
531 1967 541 1983 ,
573 1935 683 1976 odiis
704 1936 1037 1977 autexsaturata
1050 1934 1266 1987 quievi.—

223 2004 337 2054 Quin
357 2006 485 2047 etiam
502 2004 642 2057 patria
664 2014 866 2046 excussos
883 2002 1040 2046 infesta
1057 2013 1136 2058 per
1152 2003 1292 2045 undas

227 2078 339 2114 Ausa
354 2074 492 2127 sequi,
517 2076 560 2114 et
577 2072 773 2125 profugis
794 2075 888 2115 toto
908 2083 978 2115 me
995 2082 1221 2126 opponere
1242 2076 1394 2125 ponto.

226 2142 446 2184 Absumtae
461 2142 507 2183 iu
525 2145 716 2185 Teucros
730 2141 847 2183 vires
863 2141 1050 2195 coelique
1066 2141 1305 2194 marisque.

226 2212 341 2262 Quid
362 2214 526 2264 Syrtes,
544 2213 617 2252 aut
638 2210 782 2263 Scylla
798 2209 922 2255 mihi,
944 2209 1049 2261 quid
1063 2213 1186 2252 vasta
1206 2209 1449 2264 CharydeS

225 2281 425 2323 Profuit?
447 2284 599 2336 optato
614 2280 872 2324 conduntur
892 2278 1124 2333 Thybridis
1142 2280 1280 2325 alveo,

225 2351 374 2393 securi
398 2351 536 2405 pelagi
552 2353 683 2403 atque
702 2349 786 2391 mei
804 2352 812 2389 ἱ
837 2353 950 2391 Mars
970 2350 1158 2404 perdere
1177 2356 1354 2403 gentem

227 2423 464 2462 immanem
485 2416 714 2473 Lapithum
736 2417 898 2465 valuit;
921 2418 1140 2461 concessit
1158 2417 1199 2458 iu
1220 2417 1304 2459 iras
