1917 2942
324 306 402 345 ⁴72
851 311 934 349 [ΕΝ
945 311 1112 351 EIDOS
1560 319 1636 358 285

319 393 575 445 Exspectate
591 392 743 433 venis?
773 396 823 434 ut
843 395 884 435 te
908 398 1004 447 post
1022 396 1164 439 multa
1180 399 1360 440 tuorum

320 463 518 506 Funera,
541 464 640 513 post
659 462 802 503 varios
824 462 1142 517 hominumque
1159 466 1366 520 urbisque
1385 467 1555 511 labores

316 527 478 569 Defessi
497 526 763 581 adspicimus
781 532 790 569 ῑ
812 540 909 582 quae
931 542 1063 574 causa
1083 533 1266 588 indigna
1283 547 1461 579 serenos

315 598 517 639 Foedavit
530 598 676 639 vultus
696 599 715 638 ἰ)
744 602 821 640 aut
839 611 920 642 cur
940 601 1034 644 haec
1053 604 1237 645 vulnera
1257 608 1428 648 cerno?
1449 623 1466 645 n

316 666 392 709 Ille
412 665 544 713 nihil;
565 676 650 708 nec
669 677 740 707 me
762 673 1037 720 quaercntcm
1055 682 1167 713 vana
1186 676 1386 715 moratur
1403 691 1415 722 ;

315 737 400 778 Sed
429 738 620 790 graviter
639 737 826 789 gemitus
847 739 936 780 imo
957 739 1011 782 de
1031 744 1212 795 pectore
1227 743 1392 786 ducens
1411 761 1421 785 ι

315 822 334 845 ιι
359 809 480 849 Heu!
504 808 628 861 fuge,
649 811 752 849 nate
776 808 878 855 dea,
899 815 1026 863 teque
1053 812 1145 860 his,
1167 814 1227 855 ait
1243 844 1253 861 ‚
1276 816 1396 869 eripe
1417 813 1615 858 flammis.

314 877 458 918 Hostis
470 876 605 918 habet
618 886 768 918 muros
788 892 798 924 ;
815 877 906 918 ruit
924 879 1014 920 alto
1031 891 1055 921 a
1074 880 1266 923 culmine
1287 885 1429 934 Troja.

310 949 387 988 Sat
407 948 559 1001 patriae
576 947 843 1000 Priamoque
863 947 1033 989 datum.
1055 951 1097 991 Si
1120 954 1335 1005 Pergama
1354 953 1508 995 dextra

313 1017 501 1060 Defendi
517 1020 722 1070 possent,
744 1019 878 1059 etiam
894 1018 977 1061 hac
993 1019 1172 1063 defensa
1188 1020 1386 1064 fuissent.

309 1090 440 1130 Sacra
455 1099 645 1140 suosque
669 1087 745 1129 tibi
763 1090 1048 1131 commendat
1066 1093 1195 1143 Troja
1214 1094 1402 1134 Penates
1420 1109 1429 1132 :

309 1162 401 1199 Hos
418 1167 524 1211 ccipe
547 1157 735 1200 fatorum
755 1158 937 1201 comites
953 1175 963 1208 ;
979 1159 1046 1202 his
1066 1164 1231 1203 moenia
1250 1173 1424 1215 quaere,

306 1232 465 1282 Magna
486 1233 711 1282 pererrato
730 1230 894 1270 statues
917 1241 1016 1283 quae
1034 1232 1225 1286 denique
1237 1235 1392 1287 ponto.
1417 1249 1432 1269 υ

305 1299 376 1341 Sic
392 1299 452 1340 ait
468 1315 478 1346 ;
497 1302 542 1341 et
560 1298 763 1339 manibus
784 1298 933 1346 vittas,
958 1302 1223 1354 Vestamque
1242 1304 1472 1355 potentem
1490 1334 1498 1348 ‚

303 1370 622 1420 AEternumque
638 1367 780 1418 adytis
793 1365 921 1408 effert
934 1370 1232 1421 penetralibus
1249 1371 1411 1422 ignem.

358 1438 546 1479 Diverso
565 1437 735 1478 interea
755 1436 997 1478 miscentur
1016 1439 1182 1480 moenia
1205 1439 1326 1480 luctu
1346 1455 1356 1488 ;

300 1510 354 1548 Et
375 1506 514 1559 magis
529 1509 660 1557 atque
678 1507 818 1558 magis
838 1539 846 1553 ‚
872 1518 1139 1561 quamquam
1155 1512 1322 1551 secreta
1337 1511 1530 1564 parentis

302 1576 507 1619 Anchisa}
529 1576 711 1620 domus,
736 1576 1055 1630 arboribusque
1076 1577 1250 1621 obtecta
1266 1581 1472 1625 recessit.

298 1649 558 1690 clarescunt
576 1647 746 1688 sonitus
759 1678 768 1694 ‚
789 1658 1104 1702 armorumque
1126 1649 1292 1702 ingruit
1310 1650 1485 1693 horror.

299 1717 511 1760 Excutior
528 1727 685 1758 somno
704 1747 713 1763 ,
732 1719 776 1758 et
796 1717 956 1757 summi
980 1717 1149 1771 fastigia
1170 1719 1273 1761 tecti

300 1788 530 1831 Adscensu
545 1797 732 1840 supero,
757 1790 889 1839 atque
911 1786 1100 1830 adrectis
1122 1788 1297 1830 auribus
1318 1787 1457 1830 adsto.

295 1860 348 1899 In
367 1859 563 1910 segetem
578 1855 715 1897 veluti
737 1866 875 1908 quum
895 1854 1073 1899 flamma
1090 1888 1100 1908 ,
1124 1856 1370 1902 furentibus
1391 1861 1565 1902 Austris
1578 1892 1588 1907 ‚

294 1929 457 1971 Incidit
476 1959 484 1973 ‚
510 1931 586 1969 aut
604 1925 780 1980 rapidus
797 1931 1012 1968 montano
1029 1925 1210 1970 flumine
1231 1929 1403 1970 torrens

293 1998 462 2041 Sternit
476 2008 606 2051 agros
627 2029 637 2046 ,
658 1996 817 2038 sternit
831 1999 923 2037 sata
942 1997 1064 2043 heta,
1084 1996 1307 2049 boumque
1326 1997 1521 2045 labores,

295 2069 635 2120 Praecipitesque
654 2065 785 2107 trahit
804 2066 958 2114 silv-2133
981 2068 1128 2120 stupet
1147 2068 1312 2108 inscius
1327 2067 1415 2108 alto

294 2134 557 2200 Adspiciens
577 2135 772 2175 sonitum
789 2132 879 2173 saxi
898 2133 952 2174 de
969 2135 1135 2176 veitice
1155 2137 1323 2189 pastor.

345 2209 457 2247 Tum
477 2217 499 2243 x·
507 2215 583 2247 elo
604 2201 836 2246 manifesta
856 2202 1286 2258 fides,Danau1nque
1304 2208 1535 2283 patescunt

291 2275 488 2317 Insidiae
510 2277 610 2314 Jam
633 2272 853 2325 Deiphobi
876 2272 998 2316 dedit
1022 2274 1380 2327 ainplaluinam‚

291 2346 489 2387 Vulcano
509 2347 769 2397 superante
795 2343 976 2389 domus.
994 2345 1083 2395 jani
1103 2346 1333 2397 proximus
1352 2346 1474 2388 ardet

292 2415 547 2465 Ucalegom·
567 2413 693 2465 Sigea
716 2414 805 2464 igni
828 2412 934 2454 freta
956 2415 1043 2455 lata
1063 2416 1276 2457 relucent.
