1917 2942
224 345 270 384 70
740 351 905 389 LIBER
934 353 1007 392 xl.
1442 360 1519 399 1⁴17

222 430 296 472 Cui
312 441 456 483 neque
485 431 632 486 fulgor
650 433 807 484 adhue,
844 438 1044 480 ‘necdum
1063 445 1139 482 sua
1159 440 1299 490 forma
1319 447 1524 492 recessit;

225 501 319 540 Non
333 502 426 550 jam
444 504 587 546 mater
606 504 683 545 alit
701 504 851 552 tellus.
877 507 1078 561 viresque
1091 509 1326 553 ministrat.

222 573 328 610 Tum
346 572 545 621 gerni-nas
568 577 706 615 vestes
725 606 734 622 ‚
764 586 960 628 auroque
977 581 1183 631 ostroque
1201 581 1414 632 rigentes,

220 639 378 680 Extulit
396 644 549 683 AEneas
568 658 577 681 :
602 653 708 694 quas
731 643 794 685 illi
812 644 909 686 laeta
928 634 1131 705 laborum

220 712 312 761 Ipsa
329 710 416 752 suis
436 713 657 764 quondam
676 715 878 757 manibus
894 716 1074 759 Sidonia
1094 717 1207 760 Dido

220 779 421 830 Fecerat,
440 783 483 820 et
504 782 621 823 tenui
640 782 745 824 telas
761 782 1031 826 discreverat
1052 796 1176 828 auro.

220 850 383 890 Harum
403 861 535 891 unam
550 851 702 901 juveni
721 863 978 907 supremum
997 859 1170 898 maestus
1189 857 1409 901 honorem

221 918 389 970 Induit,
413 931 675 975 arsurasque
695 933 842 964 comas
864 923 1050 967 obnubit
1068 928 1257 977 amictu;

220 992 253 1027 Μ
264 988 441 1042 ultaque
458 995 671 1044 praeterea
687 993 918 1035 Laurentis
937 996 1119 1048 praemia
1134 1008 1293 1049 pugnae

220 1055 411 1109 Adgerat
428 1089 439 1107 ‚
463 1061 507 1100 et
522 1060 654 1111 longo
673 1060 868 1113 praedam
877 1062 1005 1113 jubet
1023 1064 1177 1107 ordine
1191 1064 1309 1108 duci.

220 1127 350 1168 Addit
368 1138 527 1181 equos,
548 1133 590 1172 et
608 1132 718 1178 tela,
738 1132 898 1184 quibus
918 1134 1385 1187 spoliaverat-hostem.

218 1196 418 1238 Vinxerat
433 1200 478 1240 et
494 1204 592 1252 post
613 1203 731 1252 terga
744 1212 916 1250 manus,
933 1214 1043 1256 quos
1062 1204 1255 1247 mitteret
1269 1207 1437 1248 umbris

219 1265 420 1316 inferias,
443 1280 554 1311 caeso
574 1275 1040 1326 sparsuros‘sanguine
1059 1268 1305 1325 flammann

217 1334 482 1388 indutosque
499 1338 627 1389 J'ubet
647 1346 825 1382 truncos
845 1341 1081 1386 hostilibus
1101 1346 1231 1387 armis

168 1424 170 1429 ·
216 1407 329 1458 Ipsos
345 1406 455 1450 serre
472 1408 604 1451 duces
621 1441 630 1457 ,
652 1410 918 1466 inimicaque
936 1415 1119 1458 nomina
1135 1414 1226 1469 figi.

220 1476 399 1517 Ducitur
414 1476 565 1519 infelix
586 1489 683 1520 aevo
702 1479 930 1524 consectus
946 1485 1119 1527 Aeoetes
1138 1517 1147 1534 ,
1184 1496 1186 1498 “

217 1545 398 1588 Pectora
417 1557 536 1588 nune
556 1545 724 1590 foedans
742 1552 897 1603 pugnis
915 1582 924 1598 ‚
946 1563 1066 1595 nunc
1087 1555 1304 1608 unguibus
1326 1569 1404 1602 ora
1423 1575 1433 1607 ;

217 1615 434 1657 Sternitur
449 1620 492 1660 et
517 1619 610 1659 toto
627 1620 845 1672 projectus
873 1632 1062 1674 corpore
1077 1626 1228 1666 terrae.

215 1684 392 1727 Ducunt
409 1692 453 1732 et
470 1688 634 1730 Rutulo
654 1687 856 1742 perfusos
874 1693 1090 1744 sanguine
1108 1700 1279 1737 currus.

217 1755 315 1795 Post
334 1755 525 1798 bellator
545 1769 705 1811 equus,
726 1760 880 1810 positis
901 1760 1168 1813 insignibus,
1195 1766 1359 1808 AEthon

215 1825 251 1865 It
267 1825 539 1877 lacrymans,
562 1829 782 1882 guttisque
799 1829 1026 1873 humectat
1044 1833 1281 1884 grandibus
1302 1848 1393 1879 ora.

217 1896 393 1936 Hastam
413 1896 484 1938 alii
500 1898 759 1953 galeamque
777 1900 948 1951 ferunt3
967 1913 1078 1944 nam'
1088 1908 1233 1948 cetera
1249 1910 1426 1952 Turnus

218 1962 364 2004 Victor
381 1964 525 2005 nabot.
545 1969 654 2007 Tum
680 1973 830 2011 maesta
850 1969 1036 2021 phalanx
1054 1974 1297 2026 Teucrique
1322 1988 1510 2030 sequun-

215 2032 512 2087 Tyrrhenique
527 2035 662 2078 duces
678 2069 687 2086 ,
707 2044 751 2079 et
771 2040 904 2081 versis
920 2041 1111 2084 Arcades
1129 2045 1276 2086 armis.
1406 2048 1512 2106 [tur7

216 2102 447 2154 Postquam
463 2105 604 2147 omnis
624 2107 754 2159 longe
769 2109 982 2151 comitum
999 2120 1267 2162 processerat
1283 2116 1417 2163 ordo,
1454 2126 1458 2129 ’

216 2171 411 2214 Substitit
426 2176 582 2216 AEneas
600 2206 609 2226 ,
633 2177 887 2231 gemituque
907 2178 1001 2221 haee
1021 2180 1188 2223 addidit
1209 2186 1299 2226 alto
1318 2199 1328 2222 ε

218 2255 231 2275 ιι
248 2242 335 2282 Nos
353 2243 456 2285 alias
477 2245 579 2286 hine
596 2244 649 2286 ad
668 2247 884 2301 ‘lacrymas
905 2250 1057 2293 eadem
1075 2251 1257 2294 horrida
1279 2255 1382 2298 belli

214 2310 314 2352 Fata
330 2315 505 2354 vocant.
522 2314 647 2357 Salve
663 2318 877 2372 aeternum
900 2319 1005 2360 mihi
1023 2353 1031 2368 ‚
1054 2323 1240 2364 maxime
1262 2326 1379 2366 Palla
1397 2359 1406 2374 ,

215 2382 525 2446 AEternumque
545 2386 654 2429 vale.
679 2403 706 2426 n.
720 2389 809 2430 Nee
832 2388 956 2442 plura
972 2391 1130 2434 effatus
1144 2424 1154 2440 ,
1173 2394 1227 2435 ad
1246 2394 1359 2438 altos
1396 2414 1401 2418 ⁸

212 2452 427 2496 Tendebat
444 2466 612 2504 muros,
633 2468 915 2513 gressumque
933 2462 977 2503 in
993 2466 1133 2506 eastra
1150 2462 1331 2509 terebat.
1375 2495 1379 2500 ‹
