1917 2942
363 325 433 363 ¹04
851 328 920 366 GE
930 327 1179 368 ORGICON
1591 332 1668 370 283

357 410 441 452 Hic
460 411 582 452 labor
603 428 612 450 ι
633 410 737 453 hinc
754 411 944 460 laudem,
969 413 1117 461 fortes,
1139 417 1326 468 sperate,
1344 414 1507 457 coloni.

357 481 446 521 Nec
469 491 568 521 sum
589 480 721 521 animi
744 479 925 530 dubius,
948 481 1093 524 verbis
1112 494 1162 525 ea
1180 485 1359 526 vincere
1375 495 1588 537 magnum

355 551 499 598 Quam
513 549 589 595 sit,
613 552 656 590 et
674 550 871 601 angustis
889 549 1009 592 hunc
1024 549 1184 592 addere
1202 552 1332 593 rebus
1353 552 1590 595 honorem.

355 618 441 660 Sed
459 629 530 661 me
550 619 754 660 Parnassi
773 619 945 663 deserta
964 632 1043 673 per
1058 620 1196 662 ardua
1214 621 1353 664 dulcis

358 691 519 742 Raptat
535 700 659 730 amor
681 704 690 728 :
706 690 832 739 juvat
852 691 915 733 ire
929 691 1048 743 jugis
1077 703 1164 744 qua
1184 693 1305 734 nulla
1326 692 1523 746 priorum

356 760 587 801 Castaliam
604 760 730 800 molli
750 759 998 803 devertitur
1018 761 1161 803 orbita
1179 762 1306 804 clivo.

357 829 508 875 Nunc.
531 828 782 871 veneranda
805 831 952 877 Pales,
988 841 1152 883 magno
1173 843 1294 873 nunc
1312 842 1388 873 ore
1406 832 1677 874 sonandum.⁴

408 901 645 952 Incipiens,
668 900 847 941 stabulis
868 900 995 942 edico
1015 900 1059 940 in
1081 900 1287 942 mollibus
1303 900 1487 942 herbam

357 972 547 1021 Carpere
566 980 687 1016 oves,
707 967 813 1009 dnm
830 980 935 1010 mox
953 968 1163 1011 frondosa
1181 970 1409 1012 reducitur
1424 974 1574 1019 aestas;

357 1039 410 1076 Et
423 1038 563 1078 multa
583 1036 741 1078 duram
758 1038 917 1091 stipula
937 1035 1193 1090 filicumque
1210 1039 1416 1092 maniplis

355 1111 561 1150 Sternere
580 1108 729 1149 subter
745 1105 932 1149 humum
951 1139 961 1159 ,
979 1108 1139 1160 glacies
1159 1120 1215 1150 ne
1235 1106 1395 1161 frigida
1411 1109 1541 1152 laedat

357 1175 487 1219 Molle
509 1188 642 1230 pecus
659 1208 669 1225 ‚
689 1175 968 1230 scabiemque
984 1175 1096 1217 ferat
1115 1181 1351 1232 turpesque
1366 1177 1600 1232 podagras.
1646 1175 1655 1177 ἡ

359 1247 464 1287 Post
481 1246 587 1288 hinc
607 1246 827 1298 digressos
839 1246 973 1297 jubeo
996 1245 1247 1288 frondentia
1266 1248 1407 1300 capris

359 1315 526 1357 Arbuta
544 1328 592 1357 su
600 1313 746 1358 fficere
760 1346 769 1363 ‚
788 1319 832 1358 et
853 1313 1007 1357 fluvios
1021 1315 1218 1370 praebere
1232 1318 1460 1364 recentes.;

358 1389 409 1426 Et
431 1386 600 1428 stabula
616 1398 640 1428 a
652 1387 797 1428 ventis
810 1386 998 1428 hiberno
1012 1396 1240 1440 opponere
1262 1386 1341 1429 soli

360 1455 429 1496 Ad
446 1456 645 1499 medium
665 1466 877 1498 conversa
894 1455 1010 1498 diem
1031 1472 1040 1495 :
1059 1466 1197 1507 quum
1215 1455 1399 1508 frigidus
1416 1457 1523 1498 olim

358 1529 384 1567 J
388 1537 458 1568 am
473 1525 613 1574 cadit,
631 1529 916 1578 extremoque
931 1526 1092 1566 irrorat
1112 1526 1328 1579 Aquarius
1344 1536 1478 1567 anno.

359 1599 440 1637 Hae
456 1608 632 1651 quoque
652 1607 746 1637 non
762 1607 865 1638 cura
882 1595 1010 1637 nobis
1024 1596 1191 1638 leviore
1210 1596 1406 1642 tuendaez

357 1669 446 1709 Nec
465 1668 613 1708 minor
630 1678 733 1708 usus
749 1667 859 1715 erit,
884 1666 1086 1718 quamvis
1106 1665 1272 1708 Milesia
1291 1676 1452 1717 magno

361 1738 530 1779 Vellera
547 1738 792 1784 mutentur,
811 1737 966 1789 Tyrios
986 1736 1161 1778 incocta
1174 1735 1375 1778 rubores.

358 1805 667 1849 Densiorhinc
679 1806 850 1849 soboles
870 1823 877 1846 :
909 1805 1013 1847 hinc
1031 1806 1142 1857 largi
1165 1807 1292 1860 copia
1307 1805 1445 1847 lactis.

356 1879 499 1926 Quam
519 1876 657 1930 magis
677 1874 885 1916 exhausto
903 1874 1174 1927 spumaverit
1191 1875 1326 1918 ubere
1340 1875 1538 1918 mulctra
1550 1907 1560 1919 ο

354 1949 472 1988 Laeta
490 1946 629 1998 magis
651 1944 807 1998 pressis
825 1944 1070 1986 manabunt
1090 1943 1272 1987 flumina
1288 1948 1511 1988 mammis.

360 2018 452 2058 Nec
471 2015 617 2057 minus
633 2015 800 2056 interea
820 2014 976 2055 barbas
991 2014 1238 2068 incanaque
1256 2018 1406 2058 menta

358 2084 565 2139 Cinyphii
580 2082 769 2125 tondent
786 2082 900 2125 hirci
915 2115 923 2130 ,
941 2084 1159 2136 saetasque
1177 2085 1405 2125 comantes
1420 2115 1430 2132 ‚

359 2157 499 2196 Usum
514 2155 558 2195 in
575 2157 823 2195 castrorum
837 2185 846 2199 ‚
867 2153 1094 2194 etmiseris
1116 2153 1331 2196 velamina
1350 2154 1516 2196 nautis..

358 2226 612 2267 Pascuntur
628 2233 734 2265 vero
756 2222 908 2269 silvas,
932 2227 978 2264 et
994 2232 1164 2264 summa
1187 2223 1353 2275 Lycaei,
1412 2268 1414 2270 ,

359 2296 693 2346 Ilorrentesque
708 2294 865 2344 rubos,
885 2294 930 2335 et
947 2295 1144 2335 amantes
1163 2293 1300 2335 ardua
1321 2293 1498 2341 dumos;

360 2368 505 2417 Atque
519 2364 625 2416 ipsae.
645 2373 862 2405 memores
878 2361 1069 2404 redeunt
1087 2363 1131 2404 in
1151 2365 1286 2410 tecta,
1308 2373 1503 2414 suosque

363 2436 539 2477 Ducunt
553 2465 563 2484 ,
589 2435 631 2475 et
647 2432 829 2486 gravido
845 2434 1055 2485 superant
1075 2432 1143 2473 vix
1161 2433 1291 2474 ubere
1308 2431 1456 2473 limen.
