1917 2942
397 338 471 378 408
891 341 1142 381 AENEIDOS
1616 347 1691 386 756

395 425 569 466 Funera
590 440 598 464 :
620 424 849 468 caedebant
862 427 1026 479 pariter
1041 427 1294 482 pariterque
1314 429 1499 472 ruebant

396 492 595 535 victores
612 493 805 547 victique
825 511 835 542 ;
856 505 999 548 neque
1019 494 1086 537 his
1107 494 1210 548 fuga
1229 501 1357 547 nota,
1380 509 1522 552 neque
1544 499 1639 541 illis.

396 561 448 602 Di
467 562 589 603 Jovis
612 563 658 603 in
681 565 804 606 tectis
821 565 932 606 iram
947 566 1211 607 miserantur
1230 568 1409 611 inanem

393 631 636 672 Amborum
657 664 665 679 ‚
689 636 733 674 et
748 636 891 675 tantos
909 635 1164 676 mortalibus
1183 647 1274 678 esse
1288 636 1457 680 labores
1476 653 1487 677 ε

394 701 510 743 Hinc
527 705 666 744 Venus
682 732 691 748 ‚
711 702 815 745 hinc
830 707 985 746 contra
997 707 1163 757 sp‹-·ctat
1179 708 1378 748 Saturnia
1393 710 1417 747 J
1421 719 1511 749 uno
1525 724 1534 755 ;

394 770 565 811 Pallida
581 770 817 824 Tisiphone
832 772 979 814 media
998 773 1115 813 inter
1131 773 1266 815 millia
1286 775 1422 816 szevit.

395 842 453 880 At
473 851 576 882 vero
599 840 824 893 ingentem
845 843 1046 895 quatiens
1065 846 1298 886 Mezentius
1320 846 1489 887 hastam

394 909 609 951 Turbidus
628 910 873 962 ingreditur
889 923 1045 966 campo
1062 928 1072 960 ;
1092 925 1223 965 quam
1244 926 1428 967 magnus
1449 916 1588 958 Orion
1609 948 1615 963 ‚

393 981 541 1028 Quum
560 978 691 1032 pedes
705 979 872 1022 incedit
889 982 1022 1022 medii
1038 993 1116 1034 per
1134 983 1322 1025 maxima
1338 985 1471 1025 Nerei

392 1049 552 1100 Stagna
574 1049 690 1088 viam
710 1050 917 1092 scindens
932 1083 941 1098 ‚
957 1050 1143 1094 humero
1160 1054 1460 1106 supereminet
1476 1053 1616 1095 undas
1632 1070 1643 1102 ς

394 1122 505 1164 Aut,
524 1121 706 1160 summis
721 1118 915 1163 reserens
935 1132 1146 1163 annosam
1164 1122 1388 1165 montibus
1404 1135 1566 1165 ornum
1580 1156 1589 1172 ‚

393 1186 733 1240 Ingrediturque
753 1189 846 1231 solo
865 1221 873 1237 ‚
897 1192 941 1231 et
956 1193 1087 1243 caput
1107 1192 1224 1232 inter
1242 1192 1393 1234 nubila
1408 1192 1590 1235 condit:

393 1256 509 1296 Talis
525 1267 571 1297 se
592 1258 724 1299 vastis
742 1257 877 1301 insert
894 1260 1135 1301 Mezentius
1155 1261 1305 1302 armis.

445 1327 560 1368 Huic
575 1329 731 1369 contra
755 1331 909 1370 AEneas
928 1361 936 1375 ‚
969 1329 1216 1382 speculatus
1232 1331 1279 1371 in
1298 1330 1471 1382 agmine
1486 1330 1643 1383 longO,

393 1396 560 1437 Obvius
577 1398 639 1439 ire
655 1401 793 1450 parat.
810 1401 957 1440 Manet
970 1399 1291 1452 imperterritus
1309 1400 1382 1441 ille
1396 1430 1405 1446 ‚

393 1467 575 1507 Hostem
595 1468 926 1516 magnanimum
941 1468 1197 1521 opperiens,
1218 1472 1262 1510 et
1278 1468 1396 1511 mole
1414 1479 1489 1510 sua
1507 1471 1618 1511 stat:

393 1538 538 1587 Atque
557 1535 700 1576 oculis
714 1536 902 1588 spatium
920 1547 1122 1578 emensus
1146 1540 1359 1589 quantum
1374 1538 1475 1578 satis
1489 1537 1623 1579 hastae
1643 1550 1653 1575 :

395 1618 413 1641 α
435 1607 591 1646 Dextra
620 1602 725 1644 mihi
746 1604 851 1647 deus
871 1636 879 1653 ‚
901 1610 945 1648 et
959 1605 1122 1651 telum,
1145 1605 1263 1658 quod
1280 1606 1444 1648 missile
1458 1606 1571 1647 libro
1586 1636 1598 1657 ‚

394 1676 428 1714 N
439 1684 525 1715 unc
542 1672 709 1721 adsint;
733 1684 873 1716 voveo
890 1673 1111 1727 praedonis
1131 1685 1316 1728 corpore
1337 1675 1470 1728 raptis

391 1744 605 1786 Indutum
625 1745 775 1798 spoliis
795 1744 938 1797 ipsum
959 1748 1025 1793 te,
1048 1747 1206 1790 Lause.
1226 1749 1443 1799 tropaeum

393 1817 554 1855 AEneae.
578 1829 593 1850 ι
617 1814 755 1861 Dixit;
778 1809 1129 1867 stridentemque
1152 1815 1324 1855 eminus
1345 1813 1514 1855 hastam

391 1882 542 1934 InJicit
564 1899 573 1922 :
594 1882 666 1924 illa
685 1884 840 1925 volans
862 1883 1006 1936 clipeo
1026 1887 1093 1925 est
1113 1893 1312 1930 excussa.
1334 1883 1578 1937 proculque

394 1953 631 2005 Egregium
651 1955 851 1995 Antoren
870 1953 985 1994 latus
1003 1952 1121 1994 inter
1138 1955 1182 1993 et
1200 1952 1270 1994 ilia
1290 1951 1409 2003 figit3

392 2022 596 2065 Herculis
615 2026 815 2066 Antoren
836 2024 1067 2069 comitem,
1096 2024 1170 2075 qui
1194 2023 1346 2064 missus
1364 2023 1418 2064 ab
1440 2023 1569 2076 Argis

391 2094 590 2133 Haeser‘at
609 2092 816 2134 Evandro
832 2123 842 2143 ‚
853 2106 855 2110 ’
866 2095 996 2145 atque
1013 2093 1118 2134 itala
1134 2092 1395 2134 consederat
1414 2082 1540 2134 urbe.

392 2161 610 2204 Sternitur
630 2161 777 2204 infelix
794 2164 938 2206 alieno
956 2163 1169 2206 vulnere,
1192 2162 1445 2215 coelumque

390 2228 613 2285 Adspicit,
632 2235 675 2273 et
694 2230 841 2274 dulces
857 2233 1050 2274 moriens
1071 2231 1369 2272 reminiscitur
1390 2235 1548 2282 Argos.

390 2304 500 2343 Tum
521 2302 619 2355 pius
639 2305 796 2345 AEneas
814 2303 983 2344 hastam
991 2302 1100 2354 jacit
1119 2316 1129 2340 ε
1151 2301 1223 2344 1113
1240 2313 1319 2355 per
1335 2302 1489 2343 orbem

392 2376 491 2415 AEre
506 2382 662 2414 cavum
679 2373 837 2427 triplici
858 2405 866 2421 ‚
889 2384 968 2425 per
984 2373 1098 2414 linea
1117 2375 1238 2424 terga
1256 2403 1265 2421 ,
1288 2371 1515 2425 tribusque

387 2440 580 2484 Transiit
600 2442 813 2484 intextum
833 2443 968 2485 tauris
991 2453 1099 2495 opus
1116 2474 1124 2491 ,
1144 2441 1319 2494 imaque
1334 2439 1443 2483 sedit
