1917 2942
375 311 453 351 576
891 314 1147 354 AENEIDOS
1608 321 1681 361 637

315 413 323 418 u
373 397 627 451 Laetitiaque
642 398 855 444 fremunt.
880 400 1137 453 animosque
1161 402 1213 444 ad
1233 402 1377 446 sidera
1399 405 1574 447 tollunt.

373 467 567 510 AEtheria
581 471 676 510 tum
694 467 809 511 forte
829 470 954 522 plaga
973 471 1156 514 crinitus
1175 473 1339 527 Apollo

371 539 569 590 Desuper
583 537 800 579 Ausonias
816 538 929 580 acies
944 540 1191 594 urbemque
1204 542 1396 589 videbat,

369 608 495 649 Nube
514 608 669 649 sedens
685 623 695 654 ;
721 610 852 661 atque
870 607 936 650 his
955 610 1177 651 victorem
1198 609 1374 653 adfatur
1389 613 1533 654 lilium
1554 631 1562 652 ;

371 692 387 713 α
409 681 549 721 Macte
563 688 680 719 nova
700 678 887 724 virtute,
910 689 1041 732 puer3
1060 679 1123 720 sic
1143 680 1230 720 itur
1250 679 1305 721 ad
1324 685 1464 727 astra.

367 747 439 789 Dis
459 749 606 801 genite
624 778 634 795 ,
657 750 700 789 et
717 748 920 798 geniture
939 748 1061 790 deos.
1081 752 1188 791 Jure
1209 751 1358 792 omnia
1376 751 1488 794 bella

364 820 505 860 Gente
526 818 605 859 sub
624 820 821 860 Assaraci
839 818 926 862 fato
944 823 1135 861 ventura
1151 820 1361 864 resident.

366 890 454 930 Nec
470 891 510 929 te
530 889 659 938 Troja
678 888 812 941 capit.
831 902 848 926 n
872 888 1010 930 simul
1029 920 1038 934 ‚
1057 889 1152 931 haec
1169 888 1340 937 effatus,
1383 891 1436 932 ab
1457 891 1546 933 alto

366 957 540 999 sEthere
557 969 602 999 se
616 958 778 1006 mittit,
800 959 1015 1010 spirantes
1034 959 1231 1002 dimovet
1244 971 1368 1002 auras
1384 991 1395 1007 ,

363 1029 689 1081 Ascaniumque
709 1029 832 1081 petit.
855 1031 1063 1070 Formam
1086 1035 1180 1070 tum
1198 1031 1386 1071 vertitur
1404 1030 1492 1073 oris

364 1099 613 1152 Antiquum
630 1100 675 1139 in
696 1100 855 1140 Buten.
874 1099 957 1140 Hic
975 1098 1197 1141 Dardanio
1220 1099 1421 1142 Anchisae

363 1166 568 1219 Armiger
581 1171 681 1208 ante
701 1165 784 1208 fuit
797 1197 807 1214 ,
831 1165 1031 1219 fidusque
1048 1166 1102 1208 ad
1121 1167 1274 1209 limina
1287 1172 1433 1211 custos
1450 1185 1460 1217 ς

361 1238 472 1275 Turn
496 1235 706 1277 comitem
726 1236 916 1276 Ascanio
935 1240 1060 1290 pater
1080 1235 1265 1277 addidit.
1294 1237 1389 1278 lhat
1406 1237 1568 1290 Apollo

363 1306 524 1347 Omnia
541 1306 743 1354 longaevo
761 1305 937 1356 similis,
960 1316 1225 1358 vocemque,
1255 1307 1562 1360 coloremque,

361 1377 416 1416 Et
435 1376 577 1416 crines
594 1374 712 1418 albos
734 1376 777 1416 et
797 1386 912 1416 sceva
927 1375 1162 1416 sonoribus
1179 1386 1300 1416 arma
1316 1388 1326 1421 ς

360 1447 503 1497 Atque
522 1444 585 1486 his
604 1444 830 1486 ardentem
845 1444 975 1486 dictis
994 1444 1165 1486 adfatur
1179 1445 1323 1486 Iulum
1342 1460 1350 1481 e

362 1530 377 1549 α
397 1515 458 1555 Sit
475 1511 601 1561 satis,
625 1514 832 1557 AEneada.
855 1513 952 1556 telis
974 1514 1154 1567 impune
1173 1518 1425 1563 Numanum

356 1586 603 1638 oppetiisse
617 1585 701 1626 tuis
721 1603 732 1624 -,
752 1586 938 1639 primam
956 1585 1072 1626 hanc
1092 1585 1169 1625 tibi
1187 1597 1373 1639 magnus
1393 1587 1553 1639 Apollo

356 1654 569 1697 Concedit
583 1654 759 1696 laudem
777 1686 785 1700 ‚
810 1656 855 1695 et
872 1655 1049 1708 paribus
1069 1665 1163 1696 non
1181 1653 1348 1697 invidet
1367 1657 1500 1698 armis
1520 1668 1529 1693 ε

355 1727 512 1765 Cetera
528 1735 661 1777 parce
679 1755 687 1769 ‚
709 1735 835 1776 puer,
854 1725 987 1766 bello.
1009 1740 1025 1761 »
1047 1725 1118 1765 Sic
1134 1734 1256 1766 orsus
1277 1725 1438 1778 Apollo

355 1796 558 1836 Mortales
580 1793 722 1836 medio
742 1794 975 1846 adspectus
990 1804 1193 1835 sermone
1211 1794 1413 1847 reliquit.

357 1866 409 1904 Et
425 1863 581 1917 procul
596 1864 643 1904 in
663 1869 841 1906 tenuem
860 1875 912 1904 ex
930 1862 1068 1905 oculis
1084 1863 1264 1905 evanuit
1282 1875 1450 1905 auram.

352 1931 619 1986 Adgnovere
636 1933 770 1973 deum
786 1943 987 1986 proceres
1006 1931 1244 1984 divinaque
1262 1931 1352 1974 tela

355 2001 641 2048 Dardanidae,
660 2000 1004 2055 pharetramque
1018 2001 1121 2053 fuga
1136 2012 1309 2043 sensere
1330 2004 1579 2044 sonantem.

352 2074 465 2124 Ergo
479 2071 655 2112 avidum
675 2081 837 2123 pugnae
856 2103 864 2118 ,
886 2070 1013 2112 dicis
1030 2081 1079 2112 ac
1094 2070 1276 2113 numine
1293 2070 1447 2113 Phoebi
1462 2101 1471 2116 ,

352 2142 589 2184 Ascanium
606 2140 843 2193 prohibent
862 2156 871 2179 :
890 2140 974 2193 ipsi
993 2142 1038 2181 in
1062 2141 1303 2182 certamina
1321 2151 1472 2183 rursus

349 2210 620 2256 Succedunt,
645 2210 900 2262 animasque
914 2211 961 2250 in
979 2213 1127 2262 aperta
1144 2209 1343 2263 pericula
1364 2212 1562 2253 mittunt.

347 2283 386 2319 lt
404 2279 570 2321 clamor
589 2279 694 2323 totis
712 2289 791 2333 per
807 2277 1145 2332 propugnacula
1161 2277 1320 2325 inuris3

349 2349 589 2392 intendunt
609 2361 728 2392 acres
748 2360 898 2395 arcus.
921 2353 1185 2402 amentaque
1206 2351 1428 2401 torquent,

347 2421 566 2461 Sternitur
586 2431 717 2463 omne.
734 2421 876 2460 solum
895 2418 1016 2464 telis:
1040 2421 1130 2460 tum
1148 2424 1268 2460 scuta
1292 2430 1493 2471 cavzeqne
