1917 2942
303 352 356 391 50
805 350 1113 391 BUCOLICA.
1564 352 1611 391 85

304 439 443 479 Lenta
461 434 568 477 salix
584 433 671 478 feto
699 436 847 488 pecori
869 467 879 483 ,
898 434 1004 476 mihi
1022 436 1139 477 solus
1156 439 1382 488 Amyntas.

834 514 1081 549 DAMOETAS.

304 577 447 619 Pollio
463 578 581 618 amat
600 578 796 618 nostram
818 607 827 624 ,
850 578 1050 629 quamvis
1072 575 1315 618 estrustica
1334 605 1343 623 ,
1366 579 1532 617 Musam
1551 592 1560 616 ε

302 646 500 690 Pierides
515 678 524 695 ‚
546 646 733 688 vitulam
748 646 906 688 lectori
923 647 1087 699 pascite
1102 649 1266 688 vestro.

842 726 1086 759 MENALCAS.

304 787 449 829 Po'lio
473 787 626 841 etipse
647 786 755 829 facit
775 797 891 829 nova
911 787 1106 829 cai-mina
1125 803 1135 828 ε
1153 787 1318 842 pascite
1339 789 1510 828 taurum
1524 818 1534 833 ,

301 861 401 899 sam
416 868 555 898 cornu
571 858 694 911 petat
713 888 721 904 ‚
741 858 784 898 et
805 856 987 909 pedibus
1014 857 1088 909 qui
1106 857 1283 911 spargat
1301 867 1494 899 arenam.

833 934 1081 968 DAMOETAS.

304 996 390 1047 Qui
412 997 477 1043 te,
496 994 642 1036 Pollio
663 1027 671 1044 ‚
691 996 831 1041 amat,
853 994 1030 1042 veniat,
1055 1005 1141 1047 quo
1161 998 1204 1036 te
1219 1004 1395 1047 quoque
1414 993 1594 1046 gaudet.

301 1065 426 1107 Mella
455 1062 594 1104 fluant
611 1063 674 1104 iili
693 1096 702 1112 ,
725 1063 836 1106 serat
858 1065 902 1105 et
922 1064 1056 1105 rubus
1078 1075 1201 1118 asper
1229 1074 1466 1105 amomum.

716 1131 718 1134 ’
832 1141 1074 1175 mammas.

299 1203 384 1252 Qui
399 1202 581 1244 Bavium
600 1213 690 1243 non
711 1200 830 1248 odit,
854 1205 971 1243 amet
993 1203 1066 1243 tua
1088 1202 1285 1244 carmina
1306 1231 1317 1248 ‚
1336 1201 1461 1243 Maevi
1480 1215 1490 1247 ;

301 1273 446 1324 Atque
465 1270 583 1312 idem
592 1271 752 1323 jungat
781 1269 957 1323 vulpes,
981 1270 1026 1311 et
1041 1272 1237 1323 mulgeat
1257 1270 1421 1311 hircos.

829 1347 1074 1381 DAMOETAS.

303 1410 387 1460 Qui
406 1408 549 1461 legitis
569 1407 699 1450 flores
718 1411 763 1449 eia
783 1407 904 1449 humi
924 1408 1149 1449 nascentia
1171 1405 1293 1459 fraga
1320 1437 1330 1454 ‚

298 1476 531 1530 FrigiduS,
555 1487 581 1517 o
598 1476 752 1531 pueri,
776 1474 912 1528 fugite
931 1475 1061 1522 hinc,
1093 1476 1200 1517 latet
1215 1475 1368 1528 anguis
1386 1476 1434 1517 in
1459 1474 1614 1518 herba.

832 1555 1073 1588 MENALCAS.

302 1619 498 1666 Parcite,
518 1628 645 1666 oves,
671 1616 861 1657 nimium
878 1615 1122 1670 procedere
1140 1634 1149 1664 ;
1177 1626 1269 1657 non
1286 1616 1398 1658 bene
1420 1616 1525 1670 ripae

302 1687 506 1731 Creditur
527 1704 537 1728 ε
557 1687 650 1742 ipse
666 1688 777 1728 aries
798 1688 934 1728 etiam
950 1697 1073 1728 nunc
1086 1685 1248 1729 vellera
1262 1686 1411 1728 siccat.

839 1763 1089 1797 Damouras.

302 1827 471 1879 Tityre,
494 1828 722 1880 pascentes
737 1836 761 1867 a
782 1822 969 1866 flumine
987 1824 1105 1865 reice
1121 1822 1309 1877 capellas
1329 1837 1339 1862 :

303 1898 426 1951 Ipse,
447 1896 524 1937 ubi
543 1897 716 1949 tempus
736 1894 847 1943 erit,
871 1904 1027 1935 omnes
1045 1893 1089 1933 in
1110 1891 1233 1934 fonte
1251 1892 1423 1934 lavabo,

834 1971 1077 2005 MENALCAS.

305 2034 457 2087 Cogite
477 2044 581 2075 oves
599 2064 610 2084 ,
634 2032 786 2088 pueri;
809 2033 845 2073 si
861 2033 928 2075 lac
950 2032 1210 2086 praeceperit
1233 2031 1388 2079 aestus,

306 2106 363 2146 Ut
382 2115 536 2159 nuper,
555 2103 716 2145 frustra
738 2101 1032 2156 pressabimus
1047 2100 1182 2143 ubera
1198 2100 1369 2154 palmis.

842 2179 1090 2214 DAMOETAS.

308 2247 404 2286 Heu
418 2273 428 2289 .
450 2242 538 2284 heu
553 2274 562 2290 ,
580 2254 711 2296 quam
725 2243 880 2295 pingui
892 2251 1042 2283 macer
1058 2243 1126 2283 est
1145 2240 1252 2281 mihi
1266 2242 1416 2281 taurus
1432 2239 1478 2280 in
1495 2240 1614 2281 ervo!

306 2312 430 2355 Idem
451 2323 574 2353 amor
593 2311 774 2355 exitium
800 2312 949 2364 pecori
969 2343 978 2359 ,
998 2311 1259 2364 pecorisque
1275 2310 1502 2363 magistro.

845 2389 1085 2423 MENALCAS.

313 2454 390 2495 His
403 2456 521 2497 certe
540 2463 683 2507 neque
704 2462 829 2495 amor
849 2461 979 2496 causa
993 2453 1059 2495 est
1081 2466 1090 2491 ε
1111 2451 1183 2494 vix
1198 2449 1364 2494 ossibus
1383 2448 1564 2492 haercnt.
