1917 2942
248 352 319 390 2150
767 350 930 389 LIBER
961 350 1038 388 XI.
1466 351 1542 390 429

246 439 326 476 Tot
345 435 497 489 populi
520 436 675 477 misere
697 417 857 480 duces.
878 446 961 476 nec
982 433 1105 476 tarda
1128 437 1340 487 sequetur

247 506 393 547 Gloria
420 505 612 548 delectos
632 506 756 546 Latio
778 509 822 547 et
841 504 1135 546 Laurentibus
1156 505 1288 556 agris.

246 576 321 613 Est
340 576 383 614 et
400 574 661 616 Volscorum
682 575 857 626 egregia
875 573 929 615 de
948 576 1079 625 gente
1095 572 1298 619 Camilla,

246 647 274 682 Λ
283 654 413 695 gmon
435 653 568 695 agens
588 643 783 696 equitum
801 673 810 687 .
835 648 879 683 et
899 641 1104 685 florentes
1125 653 1211 684 aere
1231 645 1444 683 catervas.

246 713 371 762 Quod
389 713 423 754 si
443 724 513 755 me
533 714 676 755 solum
699 714 857 755 Teucri
881 715 923 752 in
943 713 1185 755 certamina
1204 712 1414 765 poscunt,

245 783 381 836 quue
401 784 567 835 placet,
587 787 847 836 tantumque
864 782 994 824 bonis
1012 781 1320 823 communibus
1339 780 1466 822 obsto
1486 797 1495 820 :

245 856 343 895 Non
358 853 468 895 adeo
487 852 563 896 has
583 865 715 896 exosa
734 864 888 895 manus
905 851 1092 894 Victoria
1107 851 1243 903 fugit,

244 927 300 964 Ut
315 926 435 965 tanta
456 924 697 978 quidquam
716 934 797 977 pro
812 934 887 975 spe
905 926 1077 964 tentare
1097 932 1310 963 recusem,

243 994 316 1034 Ibo
333 994 489 1035 animis
506 998 686 1040 conti-513
707 994 775 1034 vel
795 1003 1003 1044 magnum
1027 994 1203 1044 praestet
1222 989 1438 1032 Achillem
1458 1021 1468 1038 ,

243 1067 460 1117 Factaque
480 1065 662 1106 Vulcani
679 1064 880 1105 manibus
900 1063 1022 1116 paria
1044 1061 1200 1103 induat
1220 1071 1341 1102 arma

241 1134 315 1177 Ille
334 1135 451 1176 licet.
476 1134 604 1176 Vobis
625 1135 815 1175 animam
838 1132 954 1175 hanc
971 1141 1213 1184 soceroque
1234 1132 1413 1177 Latino,

242 1206 412 1243 Turnus
431 1214 512 1255 ego
532 1236 538 1251 ‚
556 1202 673 1243 haud
693 1202 771 1243 ulli
791 1208 994 1244 veterum
1013 1201 1178 1242 virtute
1198 1200 1442 1245 secundus,

245 1273 422 1315 nevovi.
444 1272 593 1313 Solum
619 1276 772 1314 AEncas
788 1274 932 1314 vocat.
955 1273 1032 1317 Et,
1054 1272 1207 1318 vocet,
1226 1281 1323 1311 oro.

242 1345 325 1384 Nec
343 1345 532 1384 Drances
550 1342 712 1395 notius,
737 1341 827 1383 sive
843 1343 908 1383 est
928 1341 1022 1382 haec
1042 1341 1107 1381 lra
1122 1340 1310 1382 deorum
1330 1370 1339 1384 .

242 1415 383 1453 Morte
399 1413 512 1459 luat3
534 1413 625 1454 sive
644 1415 709 1453 cst
728 1412 869 1452 virtus
890 1414 932 1452 et
954 1408 1098 1463 gloria
1113 1441 1123 1460 ‚
1146 1410 1284 1451 tollat.
1305 1424 1323 1447 ι

293 1481 358 1521 llli
374 1481 468 1522 haec
490 1480 604 1522 inter
622 1493 667 1522 se
683 1480 826 1522 dubiis
843 1479 896 1523 de
921 1480 1048 1523 rebus
1070 1480 1262 1532 agebant

240 1552 467 1592 certantes
490 1563 499 1585 ε
521 1552 664 1592 castra
687 1553 844 1592 AEneas
868 1551 1094 1602 aciemque
1118 1549 1340 1592 movebat.

239 1621 432 1661 Nuncius
455 1621 622 1673 ingenti
644 1631 721 1674 per
741 1620 860 1672 regia
880 1623 996 1662 tecta
1013 1620 1206 1661 tumultu

238 1693 351 1732 Ecce
372 1692 485 1738 ruit,
507 1693 766 1745 magnisque
783 1691 936 1733 urbem
952 1690 1192 1732 terroribus
1212 1689 1368 1744 implet
1390 1705 1401 1729 z

238 1762 482 1803 Instructos
506 1762 598 1803 acie
618 1760 825 1802 Tiberino
851 1772 874 1801 a
894 1757 1076 1801 flumine
1090 1763 1284 1802 Teucros

238 1828 597 1883 Tyrrhenamque
618 1840 797 1870 manum
825 1830 926 1871 totis
950 1822 1219 1871 descendere
1240 1828 1424 1882 campis.

237 1899 467 1954 Extemplo
489 1900 649 1941 turbati
673 1899 832 1946 animi,
855 1909 1157 1951 concussaque
1174 1898 1293 1952 vulgi

239 1970 450 2014 Pectora.
475 1972 520 2010 et
535 1968 721 2010 aclrectae
742 1969 928 2010 stimulis
946 1967 1066 2009 haud
1081 1967 1287 2010 mollibus
1306 1969 1399 2009 irae.

237 2041 371 2080 Arma
397 2049 529 2079 manu
553 2040 713 2092 trepidi
736 2043 950 2092 poscunt;
978 2036 1129 2080 fremit
1148 2050 1269 2080 arma
1284 2033 1520 2090 juventus;

236 2109 363 2150 Flent
385 2109 525 2149 maesti
543 2112 828 2160 mussantque
843 2111 1007 2163 patres.
1030 2108 1147 2150 Hinc
1167 2107 1365 2161 undique
1383 2108 1551 2149 elamor

241 2178 441 2220 Dissensn
463 2179 584 2221 vario
601 2189 783 2228 maguus
803 2189 849 2220 se
867 2177 980 2218 tollit
997 2178 1041 2218 in
1060 2189 1186 2220 auras
1206 2190 1217 2214 t

236 2248 363 2289 Haud
376 2259 526 2296 secus,
549 2253 680 2302 atque
698 2249 784 2289 alto
802 2247 845 2289 in
860 2249 963 2290 luco
986 2259 1123 2301 quum
1148 2247 1262 2291 forte
1278 2250 1467 2292 caterva}

235 2317 482 2361 Consedere
500 2317 675 2364 avium,
697 2318 928 2370 piscosove
948 2328 1079 2360 amne
1099 2318 1285 2360 Padusae

238 2390 353 2429 Dant
371 2388 568 2430 sonitum
589 2388 709 2430 rauci
732 2398 811 2440 per
832 2390 986 2440 stagna
1005 2387 1211 2441 loquacia
1228 2386 1390 2440 cycni..

240 2474 254 2492 a
280 2461 443 2511 Immo,
464 2459 548 2511 ait,
572 2470 597 2501 o
614 2458 755 2505 cives,
780 2458 964 2514 adrepto
981 2461 1208 2511 tempore.
1232 2461 1433 2503 Turnus,
