<?xml version="1.0" encoding="UTF-8"?>
<!DOCTYPE html PUBLIC "-//W3C//DTD XHTML 1.0 Transitional//EN"
    "http://www.w3.org/TR/xhtml1/DTD/xhtml1-transitional.dtd">
<html xmlns="http://www.w3.org/1999/xhtml" xml:lang="en" lang="en">
 <head>
  <title>
</title>
<meta http-equiv="Content-Type" content="text/html;charset=utf-8" />
  <meta name='ocr-system' content='tesseract 3.04.00' />
  <meta name='ocr-capabilities' content='ocr_page ocr_carea ocr_par ocr_line ocrx_word'/>
</head>
<body>
  <div class='ocr_page' id='page_1' title='image "./publiivirgiliim01unkngoog_0300.png"; bbox 0 0 1917 2942; ppageno 0'>
   <div class='ocr_carea' id='block_1_1' title="bbox 383 320 1681 361">
    <p class='ocr_par' dir='ltr' id='par_1_1' title="bbox 383 320 1681 361">
     <span class='ocr_line' id='line_1_1' title="bbox 383 320 1681 361; baseline -0.001 -1"><span class='ocrx_word' id='word_1_1' title='bbox 383 321 461 361; x_wconf 81' lang='lat'><strong>298</strong></span> <span class='ocrx_word' id='word_1_2' title='bbox 906 320 1162 360; x_wconf 79' lang='lat' dir='ltr'><strong>AENEIDOS</strong></span> <span class='ocrx_word' id='word_1_3' title='bbox 1613 321 1681 359; x_wconf 76' lang='lat'><strong>82¹</strong></span> 
     </span>
    </p>
   </div>
   <div class='ocr_carea' id='block_1_2' title="bbox 362 406 1678 2479">
    <p class='ocr_par' dir='ltr' id='par_1_2' title="bbox 376 406 1366 460">
     <span class='ocr_line' id='line_1_2' title="bbox 376 406 1366 460; baseline -0.001 -13"><span class='ocrx_word' id='word_1_4' title='bbox 376 408 444 448; x_wconf 84' lang='lat' dir='ltr'><strong>Ad</strong></span> <span class='ocrx_word' id='word_1_5' title='bbox 462 417 639 460; x_wconf 81' lang='lat' dir='ltr'><strong>pcenam</strong></span> <span class='ocrx_word' id='word_1_6' title='bbox 658 406 842 460; x_wconf 84' lang='lat' dir='ltr'><strong>pulchra</strong></span> <span class='ocrx_word' id='word_1_7' title='bbox 858 416 940 460; x_wconf 87' lang='lat' dir='ltr'><strong>pro</strong></span> <span class='ocrx_word' id='word_1_8' title='bbox 957 406 1159 449; x_wconf 84' lang='lat' dir='ltr'><strong>libertate</strong></span> <span class='ocrx_word' id='word_1_9' title='bbox 1174 406 1366 448; x_wconf 85' lang='lat' dir='ltr'><strong>vocabit.</strong></span> 
     </span>
    </p>

    <p class='ocr_par' dir='ltr' id='par_1_3' title="bbox 379 474 1400 529">
     <span class='ocr_line' id='line_1_3' title="bbox 379 474 1400 529; baseline -0.001 -12"><span class='ocrx_word' id='word_1_10' title='bbox 379 476 556 518; x_wconf 72' lang='lat' dir='ltr'><strong>[nielixi</strong></span> <span class='ocrx_word' id='word_1_11' title='bbox 577 478 802 529; x_wconf 85' lang='lat' dir='ltr'><strong>utcunque</strong></span> <span class='ocrx_word' id='word_1_12' title='bbox 821 474 962 516; x_wconf 75' lang='lat' dir='ltr'><strong>ferent</strong></span> <span class='ocrx_word' id='word_1_13' title='bbox 976 486 1026 518; x_wconf 92' lang='lat' dir='ltr'><strong>ea</strong></span> <span class='ocrx_word' id='word_1_14' title='bbox 1051 475 1162 517; x_wconf 78' lang='lat' dir='ltr'><strong>facta</strong></span> <span class='ocrx_word' id='word_1_15' title='bbox 1180 476 1374 518; x_wconf 84' lang='lat' dir='ltr'><strong>minores</strong></span> <span class='ocrx_word' id='word_1_16' title='bbox 1392 508 1400 523; x_wconf 84' lang='lat'><em>,</em></span> 
     </span>
    </p>

    <p class='ocr_par' dir='ltr' id='par_1_4' title="bbox 376 543 1606 599">
     <span class='ocr_line' id='line_1_4' title="bbox 376 543 1606 599; baseline 0 -13"><span class='ocrx_word' id='word_1_17' title='bbox 376 547 530 588; x_wconf 80' lang='lat' dir='ltr'><strong>Vincet</strong></span> <span class='ocrx_word' id='word_1_18' title='bbox 547 556 672 588; x_wconf 85' lang='lat' dir='ltr'><strong>amor</strong></span> <span class='ocrx_word' id='word_1_19' title='bbox 696 545 873 598; x_wconf 65' lang='lat' dir='ltr'><strong>patriai.</strong></span> <span class='ocrx_word' id='word_1_20' title='bbox 905 543 1173 598; x_wconf 85' lang='lat' dir='ltr'><strong>laudumque</strong></span> <span class='ocrx_word' id='word_1_21' title='bbox 1193 546 1410 587; x_wconf 82' lang='lat' dir='ltr'><strong>immensa</strong></span> <span class='ocrx_word' id='word_1_22' title='bbox 1428 545 1606 599; x_wconf 82' lang='lat' dir='ltr'><strong>cupido.</strong></span> 
     </span>
    </p>

    <p class='ocr_par' dir='ltr' id='par_1_5' title="bbox 376 615 1600 668">
     <span class='ocr_line' id='line_1_5' title="bbox 376 615 1600 668; baseline -0.001 -12"><span class='ocrx_word' id='word_1_23' title='bbox 376 617 493 667; x_wconf 77' lang='lat' dir='ltr'><strong>Quin</strong></span> <span class='ocrx_word' id='word_1_24' title='bbox 512 615 671 657; x_wconf 83' lang='lat' dir='ltr'>Decios</span> <span class='ocrx_word' id='word_1_25' title='bbox 687 645 698 662; x_wconf 88' lang='lat'>,</span> <span class='ocrx_word' id='word_1_26' title='bbox 721 618 968 666; x_wconf 80' lang='lat' dir='ltr'><strong>Drusosque</strong></span> <span class='ocrx_word' id='word_1_27' title='bbox 987 615 1167 668; x_wconf 83' lang='lat' dir='ltr'><strong>procul,</strong></span> <span class='ocrx_word' id='word_1_28' title='bbox 1184 624 1438 667; x_wconf 76' lang='lat' dir='ltr'><strong>saevumque</strong></span> <span class='ocrx_word' id='word_1_29' title='bbox 1457 617 1600 657; x_wconf 88' lang='lat' dir='ltr'><strong>securi</strong></span> 
     </span>
    </p>

    <p class='ocr_par' dir='ltr' id='par_1_6' title="bbox 378 680 1633 805">
     <span class='ocr_line' id='line_1_6' title="bbox 378 680 1633 737; baseline 0 -12"><span class='ocrx_word' id='word_1_30' title='bbox 378 684 567 737; x_wconf 77' lang='lat' dir='ltr'>Adspice</span> <span class='ocrx_word' id='word_1_31' title='bbox 587 685 881 736; x_wconf 85' lang='lat' dir='ltr'><strong>Torquatum.</strong></span> <span class='ocrx_word' id='word_1_32' title='bbox 905 684 949 724; x_wconf 87' lang='lat' dir='ltr'><strong>et</strong></span> <span class='ocrx_word' id='word_1_33' title='bbox 967 680 1230 725; x_wconf 75' lang='lat' dir='ltr'><strong>referentem</strong></span> <span class='ocrx_word' id='word_1_34' title='bbox 1244 683 1367 734; x_wconf 80' lang='lat' dir='ltr'><strong>signa</strong></span> <span class='ocrx_word' id='word_1_35' title='bbox 1386 683 1633 725; x_wconf 86' lang='lat' dir='ltr'><strong>Camillum.</strong></span> 
     </span>
     <span class='ocr_line' id='line_1_7' title="bbox 433 750 1632 805; baseline 0.002 -13"><span class='ocrx_word' id='word_1_36' title='bbox 433 769 450 792; x_wconf 67' lang='grc' dir='ltr'><strong>α</strong></span> <span class='ocrx_word' id='word_1_37' title='bbox 474 752 564 794; x_wconf 80' lang='lat' dir='ltr'>111ae</span> <span class='ocrx_word' id='word_1_38' title='bbox 585 754 757 800; x_wconf 85' lang='lat' dir='ltr'><strong>autem,</strong></span> <span class='ocrx_word' id='word_1_39' title='bbox 782 751 955 805; x_wconf 85' lang='lat' dir='ltr'><strong>paribus</strong></span> <span class='ocrx_word' id='word_1_40' title='bbox 974 762 1078 802; x_wconf 79' lang='lat' dir='ltr'><strong>quas</strong></span> <span class='ocrx_word' id='word_1_41' title='bbox 1092 750 1242 804; x_wconf 79' lang='lat' dir='ltr'><strong>fugere</strong></span> <span class='ocrx_word' id='word_1_42' title='bbox 1262 751 1404 795; x_wconf 84' lang='lat' dir='ltr'><strong>cernis</strong></span> <span class='ocrx_word' id='word_1_43' title='bbox 1418 752 1466 792; x_wconf 93' lang='lat' dir='ltr'><strong>in</strong></span> <span class='ocrx_word' id='word_1_44' title='bbox 1483 754 1632 799; x_wconf 84' lang='lat' dir='ltr'><strong>armis.</strong></span> 
     </span>
    </p>

    <p class='ocr_par' dir='ltr' id='par_1_7' title="bbox 378 820 1594 875">
     <span class='ocr_line' id='line_1_8' title="bbox 378 820 1594 875; baseline -0.002 -9"><span class='ocrx_word' id='word_1_45' title='bbox 378 822 630 866; x_wconf 86' lang='lat' dir='ltr'><strong>Concordes</strong></span> <span class='ocrx_word' id='word_1_46' title='bbox 645 822 803 864; x_wconf 71' lang='lat' dir='ltr'><strong>animae</strong></span> <span class='ocrx_word' id='word_1_47' title='bbox 824 832 968 868; x_wconf 84' lang='lat' dir='ltr'><strong>nunc.</strong></span> <span class='ocrx_word' id='word_1_48' title='bbox 987 824 1031 863; x_wconf 90' lang='lat' dir='ltr'><strong>et</strong></span> <span class='ocrx_word' id='word_1_49' title='bbox 1048 820 1153 863; x_wconf 86' lang='lat' dir='ltr'><strong>dum</strong></span> <span class='ocrx_word' id='word_1_50' title='bbox 1170 823 1303 864; x_wconf 90' lang='lat' dir='ltr'><strong>nocte</strong></span> <span class='ocrx_word' id='word_1_51' title='bbox 1326 825 1594 875; x_wconf 78' lang='lat' dir='ltr'><strong>prementur,</strong></span> 
     </span>
    </p>

    <p class='ocr_par' dir='ltr' id='par_1_8' title="bbox 375 890 1510 947">
     <span class='ocr_line' id='line_1_9' title="bbox 375 890 1510 947; baseline -0.003 -12"><span class='ocrx_word' id='word_1_52' title='bbox 375 897 474 936; x_wconf 89' lang='lat' dir='ltr'><strong>Heu</strong></span> <span class='ocrx_word' id='word_1_53' title='bbox 492 895 501 934; x_wconf 77' lang='lat'><em>1</em></span> <span class='ocrx_word' id='word_1_54' title='bbox 525 896 741 947; x_wconf 86' lang='lat' dir='ltr'><strong>quantum</strong></span> <span class='ocrx_word' id='word_1_55' title='bbox 761 891 877 932; x_wconf 89' lang='lat' dir='ltr'><strong>inter</strong></span> <span class='ocrx_word' id='word_1_56' title='bbox 892 902 937 932; x_wconf 89' lang='lat' dir='ltr'><strong>se</strong></span> <span class='ocrx_word' id='word_1_57' title='bbox 957 890 1121 932; x_wconf 86' lang='lat' dir='ltr'><strong>bellum</strong></span> <span class='ocrx_word' id='word_1_58' title='bbox 1140 923 1150 939; x_wconf 94' lang='lat'>‚</span> <span class='ocrx_word' id='word_1_59' title='bbox 1171 892 1203 932; x_wconf 90' lang='lat' dir='ltr'><strong>si</strong></span> <span class='ocrx_word' id='word_1_60' title='bbox 1222 891 1393 933; x_wconf 87' lang='lat' dir='ltr'><strong>lumina</strong></span> <span class='ocrx_word' id='word_1_61' title='bbox 1410 891 1510 932; x_wconf 74' lang='lat' dir='ltr'><strong>vitae</strong></span> 
     </span>
    </p>

    <p class='ocr_par' dir='ltr' id='par_1_9' title="bbox 377 960 1509 1015">
     <span class='ocr_line' id='line_1_10' title="bbox 377 960 1509 1015; baseline -0.004 -10"><span class='ocrx_word' id='word_1_62' title='bbox 377 963 651 1014; x_wconf 82' lang='lat' dir='ltr'><strong>Adtigerint,</strong></span> <span class='ocrx_word' id='word_1_63' title='bbox 672 964 858 1015; x_wconf 85' lang='lat' dir='ltr'><strong>quantas</strong></span> <span class='ocrx_word' id='word_1_64' title='bbox 874 961 987 1004; x_wconf 86' lang='lat' dir='ltr'><strong>acies</strong></span> <span class='ocrx_word' id='word_1_65' title='bbox 1004 963 1283 1014; x_wconf 76' lang='lat' dir='ltr'><strong>stragemque</strong></span> <span class='ocrx_word' id='word_1_66' title='bbox 1303 960 1481 1003; x_wconf 85' lang='lat' dir='ltr'><strong>ciebunt</strong></span> <span class='ocrx_word' id='word_1_67' title='bbox 1500 964 1509 1001; x_wconf 75' lang='grc'>1</span> 
     </span>
    </p>

    <p class='ocr_par' dir='ltr' id='par_1_10' title="bbox 374 1030 1417 1088">
     <span class='ocr_line' id='line_1_11' title="bbox 374 1030 1417 1088; baseline -0.006 -13"><span class='ocrx_word' id='word_1_68' title='bbox 374 1035 620 1088; x_wconf 77' lang='lat' dir='ltr'><strong>Aggeribus</strong></span> <span class='ocrx_word' id='word_1_69' title='bbox 633 1043 759 1074; x_wconf 88' lang='lat' dir='ltr'><strong>socer</strong></span> <span class='ocrx_word' id='word_1_70' title='bbox 777 1030 946 1084; x_wconf 79' lang='lat' dir='ltr'><strong>Alpinis</strong></span> <span class='ocrx_word' id='word_1_71' title='bbox 961 1032 1091 1082; x_wconf 82' lang='lat' dir='ltr'><strong>atque</strong></span> <span class='ocrx_word' id='word_1_72' title='bbox 1107 1039 1205 1071; x_wconf 87' lang='lat' dir='ltr'><strong>arce</strong></span> <span class='ocrx_word' id='word_1_73' title='bbox 1227 1030 1417 1071; x_wconf 77' lang='lat' dir='ltr'><strong>Monoeci</strong></span> 
     </span>
    </p>

    <p class='ocr_par' dir='ltr' id='par_1_11' title="bbox 377 1099 1449 1156">
     <span class='ocr_line' id='line_1_12' title="bbox 377 1099 1449 1156; baseline -0.006 -11"><span class='ocrx_word' id='word_1_74' title='bbox 377 1103 661 1156; x_wconf 81' lang='lat' dir='ltr'><strong>Descendens</strong></span> <span class='ocrx_word' id='word_1_75' title='bbox 680 1133 689 1150; x_wconf 84' lang='lat'><em>,</em></span> <span class='ocrx_word' id='word_1_76' title='bbox 707 1112 845 1154; x_wconf 76' lang='lat' dir='ltr'><strong>gener</strong></span> <span class='ocrx_word' id='word_1_77' title='bbox 865 1099 1060 1142; x_wconf 84' lang='lat' dir='ltr'><strong>adversis</strong></span> <span class='ocrx_word' id='word_1_78' title='bbox 1077 1099 1319 1141; x_wconf 88' lang='lat' dir='ltr'><strong>instructus</strong></span> <span class='ocrx_word' id='word_1_79' title='bbox 1334 1099 1449 1140; x_wconf 88' lang='lat' dir='ltr'><strong>Eois.</strong></span> 
     </span>
    </p>

    <p class='ocr_par' dir='ltr' id='par_1_12' title="bbox 373 1169 1448 1228">
     <span class='ocr_line' id='line_1_13' title="bbox 373 1169 1448 1228; baseline -0.004 -13"><span class='ocrx_word' id='word_1_80' title='bbox 373 1176 439 1217; x_wconf 84' lang='lat' dir='ltr'><strong>Ne</strong></span> <span class='ocrx_word' id='word_1_81' title='bbox 454 1206 464 1223; x_wconf 90' lang='lat'>‚</span> <span class='ocrx_word' id='word_1_82' title='bbox 485 1172 636 1228; x_wconf 85' lang='lat' dir='ltr'><strong>pueri,</strong></span> <span class='ocrx_word' id='word_1_83' title='bbox 657 1183 714 1214; x_wconf 88' lang='lat' dir='ltr'><strong>ne</strong></span> <span class='ocrx_word' id='word_1_84' title='bbox 730 1174 851 1213; x_wconf 87' lang='lat' dir='ltr'><strong>tanta</strong></span> <span class='ocrx_word' id='word_1_85' title='bbox 870 1169 1026 1211; x_wconf 87' lang='lat' dir='ltr'><strong>animis</strong></span> <span class='ocrx_word' id='word_1_86' title='bbox 1042 1169 1289 1212; x_wconf 78' lang='lat' dir='ltr'><strong>adsuescite</strong></span> <span class='ocrx_word' id='word_1_87' title='bbox 1303 1169 1420 1212; x_wconf 89' lang='lat' dir='ltr'><strong>bella</strong></span> <span class='ocrx_word' id='word_1_88' title='bbox 1437 1185 1448 1217; x_wconf 89' lang='grc'>;</span> 
     </span>
    </p>

    <p class='ocr_par' dir='ltr' id='par_1_13' title="bbox 373 1239 1418 1297">
     <span class='ocr_line' id='line_1_14' title="bbox 373 1239 1418 1297; baseline -0.008 -10"><span class='ocrx_word' id='word_1_89' title='bbox 373 1247 468 1289; x_wconf 91' lang='lat' dir='ltr'><strong>Neu</strong></span> <span class='ocrx_word' id='word_1_90' title='bbox 482 1244 636 1297; x_wconf 78' lang='lat' dir='ltr'><strong>patriae</strong></span> <span class='ocrx_word' id='word_1_91' title='bbox 654 1242 826 1285; x_wconf 84' lang='lat' dir='ltr'><strong>validas</strong></span> <span class='ocrx_word' id='word_1_92' title='bbox 854 1241 900 1281; x_wconf 90' lang='lat' dir='ltr'><strong>in</strong></span> <span class='ocrx_word' id='word_1_93' title='bbox 919 1241 1089 1283; x_wconf 86' lang='lat' dir='ltr'><strong>viscera</strong></span> <span class='ocrx_word' id='word_1_94' title='bbox 1105 1240 1267 1281; x_wconf 87' lang='lat' dir='ltr'><strong>vertite</strong></span> <span class='ocrx_word' id='word_1_95' title='bbox 1282 1239 1418 1281; x_wconf 83' lang='lat' dir='ltr'><strong>vires!</strong></span> 
     </span>
    </p>

    <p class='ocr_par' dir='ltr' id='par_1_14' title="bbox 372 1308 1576 1368">
     <span class='ocr_line' id='line_1_15' title="bbox 372 1308 1576 1368; baseline -0.007 -12"><span class='ocrx_word' id='word_1_96' title='bbox 372 1319 526 1368; x_wconf 83' lang='lat' dir='ltr'><strong>Tuque</strong></span> <span class='ocrx_word' id='word_1_97' title='bbox 545 1313 668 1367; x_wconf 83' lang='lat' dir='ltr'><strong>prior</strong></span> <span class='ocrx_word' id='word_1_98' title='bbox 687 1342 698 1360; x_wconf 89' lang='lat'>,</span> <span class='ocrx_word' id='word_1_99' title='bbox 720 1314 768 1353; x_wconf 88' lang='lat' dir='ltr'><strong>tu</strong></span> <span class='ocrx_word' id='word_1_100' title='bbox 786 1321 943 1364; x_wconf 77' lang='lat' dir='ltr'><strong>parce,</strong></span> <span class='ocrx_word' id='word_1_101' title='bbox 964 1321 1102 1361; x_wconf 84' lang='lat' dir='ltr'><strong>genus</strong></span> <span class='ocrx_word' id='word_1_102' title='bbox 1119 1310 1194 1362; x_wconf 83' lang='lat' dir='ltr'><strong>qui</strong></span> <span class='ocrx_word' id='word_1_103' title='bbox 1210 1308 1334 1351; x_wconf 85' lang='lat' dir='ltr'><strong>ducis</strong></span> <span class='ocrx_word' id='word_1_104' title='bbox 1355 1309 1548 1360; x_wconf 74' lang='lat' dir='ltr'><strong>Olympo</strong></span> <span class='ocrx_word' id='word_1_105' title='bbox 1566 1323 1576 1352; x_wconf 84' lang='lat'><strong>;</strong></span> 
     </span>
    </p>

    <p class='ocr_par' dir='ltr' id='par_1_15' title="bbox 374 1380 1210 1435">
     <span class='ocr_line' id='line_1_16' title="bbox 374 1380 1210 1435; baseline -0.007 -9"><span class='ocrx_word' id='word_1_106' title='bbox 374 1384 554 1435; x_wconf 84' lang='lat' dir='ltr'><strong>Projice</strong></span> <span class='ocrx_word' id='word_1_107' title='bbox 570 1383 658 1424; x_wconf 87' lang='lat' dir='ltr'><strong>tela</strong></span> <span class='ocrx_word' id='word_1_108' title='bbox 675 1392 808 1423; x_wconf 89' lang='lat' dir='ltr'><strong>manu</strong></span> <span class='ocrx_word' id='word_1_109' title='bbox 828 1412 838 1432; x_wconf 88' lang='lat'>‚</span> <span class='ocrx_word' id='word_1_110' title='bbox 861 1380 1039 1432; x_wconf 73' lang='lat' dir='ltr'><strong>sanguis</strong></span> <span class='ocrx_word' id='word_1_111' title='bbox 1060 1381 1210 1423; x_wconf 77' lang='lat' dir='ltr'><strong>mens!</strong></span> 
     </span>
    </p>

    <p class='ocr_par' dir='ltr' id='par_1_16' title="bbox 379 1447 1396 1506">
     <span class='ocr_line' id='line_1_17' title="bbox 379 1447 1396 1506; baseline -0.007 -9"><span class='ocrx_word' id='word_1_112' title='bbox 379 1456 461 1497; x_wconf 88' lang='lat' dir='ltr'><strong>Ille</strong></span> <span class='ocrx_word' id='word_1_113' title='bbox 483 1453 753 1506; x_wconf 76' lang='lat' dir='ltr'><strong>triumphata</strong></span> <span class='ocrx_word' id='word_1_114' title='bbox 771 1450 989 1503; x_wconf 83' lang='lat' dir='ltr'><strong>Capitolia</strong></span> <span class='ocrx_word' id='word_1_115' title='bbox 1006 1449 1060 1492; x_wconf 90' lang='lat' dir='ltr'><strong>ad</strong></span> <span class='ocrx_word' id='word_1_116' title='bbox 1081 1451 1166 1492; x_wconf 87' lang='lat' dir='ltr'><strong>alta</strong></span> <span class='ocrx_word' id='word_1_117' title='bbox 1183 1447 1396 1490; x_wconf 79' lang='lat' dir='ltr'><strong>Corintho</strong></span> 
     </span>
    </p>

    <p class='ocr_par' dir='ltr' id='par_1_17' title="bbox 371 1517 1430 1575">
     <span class='ocr_line' id='line_1_18' title="bbox 371 1517 1430 1575; baseline -0.006 -12"><span class='ocrx_word' id='word_1_118' title='bbox 371 1525 525 1567; x_wconf 87' lang='lat' dir='ltr'><strong>Victor</strong></span> <span class='ocrx_word' id='word_1_119' title='bbox 546 1526 642 1575; x_wconf 80' lang='lat' dir='ltr'><strong>aget</strong></span> <span class='ocrx_word' id='word_1_120' title='bbox 662 1532 846 1564; x_wconf 85' lang='lat' dir='ltr'><strong>currum</strong></span> <span class='ocrx_word' id='word_1_121' title='bbox 867 1551 876 1566; x_wconf 84' lang='lat'>,</span> <span class='ocrx_word' id='word_1_122' title='bbox 899 1517 1020 1561; x_wconf 83' lang='lat' dir='ltr'><strong>caesis</strong></span> <span class='ocrx_word' id='word_1_123' title='bbox 1035 1519 1219 1571; x_wconf 84' lang='lat' dir='ltr'><strong>insignis</strong></span> <span class='ocrx_word' id='word_1_124' title='bbox 1240 1517 1430 1559; x_wconf 84' lang='lat' dir='ltr'><strong>Achivis.</strong></span> 
     </span>
    </p>

    <p class='ocr_par' dir='ltr' id='par_1_18' title="bbox 370 1588 1502 1643">
     <span class='ocr_line' id='line_1_19' title="bbox 370 1588 1502 1643; baseline -0.009 -6"><span class='ocrx_word' id='word_1_125' title='bbox 370 1595 508 1637; x_wconf 85' lang='lat' dir='ltr'><strong>Eruet</strong></span> <span class='ocrx_word' id='word_1_126' title='bbox 522 1592 595 1635; x_wconf 90' lang='lat' dir='ltr'><strong>ille</strong></span> <span class='ocrx_word' id='word_1_127' title='bbox 616 1594 757 1643; x_wconf 82' lang='lat' dir='ltr'><strong>Argos</strong></span> <span class='ocrx_word' id='word_1_128' title='bbox 772 1620 783 1641; x_wconf 85' lang='lat'>‚</span> <span class='ocrx_word' id='word_1_129' title='bbox 800 1588 1256 1640; x_wconf 62' lang='lat' dir='ltr'><strong>Agamemnoniasque</strong></span> <span class='ocrx_word' id='word_1_130' title='bbox 1272 1589 1476 1638; x_wconf 72' lang='lat' dir='ltr'><strong>Mycenas</strong></span> <span class='ocrx_word' id='word_1_131' title='bbox 1491 1617 1502 1636; x_wconf 90' lang='lat'><em>,</em></span> 
     </span>
    </p>

    <p class='ocr_par' dir='ltr' id='par_1_19' title="bbox 369 1654 1533 1718">
     <span class='ocr_line' id='line_1_20' title="bbox 369 1654 1533 1718; baseline -0.008 -14"><span class='ocrx_word' id='word_1_132' title='bbox 369 1666 606 1718; x_wconf 84' lang='lat' dir='ltr'><strong>Ipsumque</strong></span> <span class='ocrx_word' id='word_1_133' title='bbox 622 1659 853 1704; x_wconf 84' lang='lat' dir='ltr'><strong>AEaciden‚</strong></span> <span class='ocrx_word' id='word_1_134' title='bbox 873 1668 1013 1710; x_wconf 80' lang='lat' dir='ltr'><strong>genus</strong></span> <span class='ocrx_word' id='word_1_135' title='bbox 1026 1656 1329 1709; x_wconf 73' lang='lat' dir='ltr'><strong>armipotentis</strong></span> <span class='ocrx_word' id='word_1_136' title='bbox 1349 1654 1533 1702; x_wconf 83' lang='lat' dir='ltr'><strong>Achilli;</strong></span> 
     </span>
    </p>

    <p class='ocr_par' dir='ltr' id='par_1_20' title="bbox 370 1726 1513 1782">
     <span class='ocr_line' id='line_1_21' title="bbox 370 1726 1513 1782; baseline -0.009 -8"><span class='ocrx_word' id='word_1_137' title='bbox 370 1733 499 1776; x_wconf 85' lang='lat' dir='ltr'><strong>Ultus</strong></span> <span class='ocrx_word' id='word_1_138' title='bbox 514 1742 618 1774; x_wconf 85' lang='lat' dir='ltr'><strong>avos</strong></span> <span class='ocrx_word' id='word_1_139' title='bbox 633 1733 775 1782; x_wconf 79' lang='lat' dir='ltr'><strong>Trojae</strong></span> <span class='ocrx_word' id='word_1_140' title='bbox 793 1759 804 1780; x_wconf 84' lang='lat'><em>,</em></span> <span class='ocrx_word' id='word_1_141' title='bbox 823 1727 986 1781; x_wconf 88' lang='lat' dir='ltr'><strong>templa</strong></span> <span class='ocrx_word' id='word_1_142' title='bbox 1001 1731 1044 1769; x_wconf 88' lang='lat' dir='ltr'><strong>et</strong></span> <span class='ocrx_word' id='word_1_143' title='bbox 1066 1727 1277 1769; x_wconf 84' lang='lat' dir='ltr'><strong>temerata</strong></span> <span class='ocrx_word' id='word_1_144' title='bbox 1289 1726 1513 1768; x_wconf 82' lang='lat' dir='ltr'><strong>Minervae.</strong></span> 
     </span>
    </p>

    <p class='ocr_par' dir='ltr' id='par_1_21' title="bbox 365 1794 1678 1855">
     <span class='ocr_line' id='line_1_22' title="bbox 365 1794 1678 1855; baseline -0.008 -10"><span class='ocrx_word' id='word_1_145' title='bbox 365 1805 473 1855; x_wconf 80' lang='lat' dir='ltr'><strong>Quis</strong></span> <span class='ocrx_word' id='word_1_146' title='bbox 494 1804 549 1849; x_wconf 84' lang='lat' dir='ltr'><strong>te.</strong></span> <span class='ocrx_word' id='word_1_147' title='bbox 567 1810 724 1853; x_wconf 85' lang='lat' dir='ltr'><strong>magne</strong></span> <span class='ocrx_word' id='word_1_148' title='bbox 739 1801 861 1848; x_wconf 90' lang='lat' dir='ltr'><strong>Cato,</strong></span> <span class='ocrx_word' id='word_1_149' title='bbox 882 1797 1080 1844; x_wconf 87' lang='lat' dir='ltr'><strong>tacitum,</strong></span> <span class='ocrx_word' id='word_1_150' title='bbox 1100 1799 1175 1837; x_wconf 86' lang='lat' dir='ltr'><strong>aut</strong></span> <span class='ocrx_word' id='word_1_151' title='bbox 1190 1797 1248 1841; x_wconf 86' lang='lat' dir='ltr'><strong>te.</strong></span> <span class='ocrx_word' id='word_1_152' title='bbox 1265 1798 1414 1843; x_wconf 82' lang='lat' dir='ltr'><strong>cesse,</strong></span> <span class='ocrx_word' id='word_1_153' title='bbox 1434 1794 1678 1848; x_wconf 72' lang='lat' dir='ltr'><strong>relinquat?</strong></span> 
     </span>
    </p>

    <p class='ocr_par' dir='ltr' id='par_1_22' title="bbox 367 1862 1651 1924">
     <span class='ocr_line' id='line_1_23' title="bbox 367 1862 1651 1924; baseline -0.007 -11"><span class='ocrx_word' id='word_1_154' title='bbox 367 1875 475 1924; x_wconf 84' lang='lat' dir='ltr'><strong>Quis</strong></span> <span class='ocrx_word' id='word_1_155' title='bbox 497 1871 684 1913; x_wconf 82' lang='lat' dir='ltr'><strong>Gracchi</strong></span> <span class='ocrx_word' id='word_1_156' title='bbox 703 1880 861 1923; x_wconf 79' lang='lat' dir='ltr'><strong>genus,</strong></span> <span class='ocrx_word' id='word_1_157' title='bbox 883 1872 958 1910; x_wconf 85' lang='lat' dir='ltr'><strong>aut</strong></span> <span class='ocrx_word' id='word_1_158' title='bbox 978 1866 1196 1920; x_wconf 84' lang='lat' dir='ltr'><strong>geminos,</strong></span> <span class='ocrx_word' id='word_1_159' title='bbox 1218 1865 1311 1907; x_wconf 89' lang='lat' dir='ltr'><strong>duo</strong></span> <span class='ocrx_word' id='word_1_160' title='bbox 1333 1862 1515 1906; x_wconf 83' lang='lat' dir='ltr'><strong>fulmina</strong></span> <span class='ocrx_word' id='word_1_161' title='bbox 1533 1863 1651 1911; x_wconf 84' lang='lat' dir='ltr'><strong>belli,</strong></span> 
     </span>
    </p>

    <p class='ocr_par' dir='ltr' id='par_1_23' title="bbox 369 1937 1482 1997">
     <span class='ocr_line' id='line_1_24' title="bbox 369 1937 1482 1997; baseline -0.008 -12"><span class='ocrx_word' id='word_1_162' title='bbox 369 1941 610 1997; x_wconf 85' lang='lat' dir='ltr'><strong>Scipiadas,</strong></span> <span class='ocrx_word' id='word_1_163' title='bbox 630 1940 802 1982; x_wconf 87' lang='lat' dir='ltr'><strong>cladem</strong></span> <span class='ocrx_word' id='word_1_164' title='bbox 820 1938 985 1990; x_wconf 62' lang='lat' dir='ltr'><strong>Libyas,</strong></span> <span class='ocrx_word' id='word_1_165' title='bbox 1005 1947 1235 1990; x_wconf 82' lang='lat' dir='ltr'><strong>parvoque</strong></span> <span class='ocrx_word' id='word_1_166' title='bbox 1252 1937 1482 1988; x_wconf 79' lang='lat' dir='ltr'><strong>potentem</strong></span> 
     </span>
    </p>

    <p class='ocr_par' dir='ltr' id='par_1_24' title="bbox 366 2007 1433 2060">
     <span class='ocr_line' id='line_1_25' title="bbox 366 2007 1433 2060; baseline -0.007 -7"><span class='ocrx_word' id='word_1_167' title='bbox 366 2012 635 2060; x_wconf 77' lang='lat' dir='ltr'><strong>Fabricium,</strong></span> <span class='ocrx_word' id='word_1_168' title='bbox 655 2010 726 2052; x_wconf 86' lang='lat' dir='ltr'><strong>vel</strong></span> <span class='ocrx_word' id='word_1_169' title='bbox 743 2015 783 2051; x_wconf 90' lang='lat' dir='ltr'><strong>te</strong></span> <span class='ocrx_word' id='word_1_170' title='bbox 800 2009 937 2057; x_wconf 87' lang='lat' dir='ltr'><strong>sulco,</strong></span> <span class='ocrx_word' id='word_1_171' title='bbox 956 2011 1158 2051; x_wconf 86' lang='lat' dir='ltr'><strong>Serrane.</strong></span> <span class='ocrx_word' id='word_1_172' title='bbox 1179 2009 1400 2050; x_wconf 87' lang='lat' dir='ltr'><strong>serentem</strong></span> <span class='ocrx_word' id='word_1_173' title='bbox 1414 2007 1433 2046; x_wconf 67' lang='grc' dir='ltr'><strong>’ς’</strong></span> 
     </span>
    </p>

    <p class='ocr_par' dir='ltr' id='par_1_25' title="bbox 366 2076 1479 2134">
     <span class='ocr_line' id='line_1_26' title="bbox 366 2076 1479 2134; baseline -0.008 -9"><span class='ocrx_word' id='word_1_174' title='bbox 366 2087 465 2134; x_wconf 82' lang='lat' dir='ltr'><strong>Quo</strong></span> <span class='ocrx_word' id='word_1_175' title='bbox 482 2082 645 2124; x_wconf 81' lang='lat' dir='ltr'><strong>fessum</strong></span> <span class='ocrx_word' id='word_1_176' title='bbox 664 2078 835 2134; x_wconf 80' lang='lat' dir='ltr'><strong>rapitis,</strong></span> <span class='ocrx_word' id='word_1_177' title='bbox 855 2078 1006 2120; x_wconf 74' lang='lat' dir='ltr'><strong>Fabii?</strong></span> <span class='ocrx_word' id='word_1_178' title='bbox 1028 2079 1076 2119; x_wconf 89' lang='lat' dir='ltr'><strong>tu</strong></span> <span class='ocrx_word' id='word_1_179' title='bbox 1095 2078 1310 2119; x_wconf 76' lang='lat' dir='ltr'><strong>Maximus</strong></span> <span class='ocrx_word' id='word_1_180' title='bbox 1327 2076 1399 2119; x_wconf 90' lang='lat' dir='ltr'><strong>ille</strong></span> <span class='ocrx_word' id='word_1_181' title='bbox 1416 2086 1479 2127; x_wconf 82' lang='lat' dir='ltr'><strong>es,</strong></span> 
     </span>
    </p>

    <p class='ocr_par' dir='ltr' id='par_1_26' title="bbox 362 2146 1342 2205">
     <span class='ocr_line' id='line_1_27' title="bbox 362 2146 1342 2205; baseline -0.006 -14"><span class='ocrx_word' id='word_1_182' title='bbox 362 2155 483 2193; x_wconf 80' lang='lat' dir='ltr'><strong>Unus</strong></span> <span class='ocrx_word' id='word_1_183' title='bbox 499 2150 571 2205; x_wconf 82' lang='lat' dir='ltr'><strong>qui</strong></span> <span class='ocrx_word' id='word_1_184' title='bbox 590 2150 716 2191; x_wconf 82' lang='lat' dir='ltr'><strong>nobis</strong></span> <span class='ocrx_word' id='word_1_185' title='bbox 737 2147 993 2190; x_wconf 86' lang='lat' dir='ltr'><strong>cunctando</strong></span> <span class='ocrx_word' id='word_1_186' title='bbox 1012 2146 1211 2189; x_wconf 84' lang='lat' dir='ltr'><strong>restituis</strong></span> <span class='ocrx_word' id='word_1_187' title='bbox 1230 2156 1342 2187; x_wconf 86' lang='lat' dir='ltr'><strong>rem.</strong></span> 
     </span>
    </p>

    <p class='ocr_par' dir='ltr' id='par_1_27' title="bbox 362 2218 1239 2274">
     <span class='ocr_line' id='line_1_28' title="bbox 362 2218 1239 2274; baseline -0.007 -10"><span class='ocrx_word' id='word_1_188' title='bbox 362 2222 594 2265; x_wconf 80' lang='lat' dir='ltr'><strong>Excudent</strong></span> <span class='ocrx_word' id='word_1_189' title='bbox 615 2221 685 2262; x_wconf 90' lang='lat' dir='ltr'><strong>alii</strong></span> <span class='ocrx_word' id='word_1_190' title='bbox 707 2218 922 2274; x_wconf 79' lang='lat' dir='ltr'><strong>spirantia</strong></span> <span class='ocrx_word' id='word_1_191' title='bbox 942 2218 1118 2260; x_wconf 82' lang='lat' dir='ltr'><strong>mollius</strong></span> <span class='ocrx_word' id='word_1_192' title='bbox 1139 2228 1239 2264; x_wconf 80' lang='lat' dir='ltr'><strong>aera,</strong></span> 
     </span>
    </p>

    <p class='ocr_par' dir='ltr' id='par_1_28' title="bbox 363 2281 1569 2343">
     <span class='ocr_line' id='line_1_29' title="bbox 363 2281 1569 2343; baseline -0.007 -11"><span class='ocrx_word' id='word_1_193' title='bbox 363 2290 510 2334; x_wconf 75' lang='lat' dir='ltr'><strong>Credo</strong></span> <span class='ocrx_word' id='word_1_194' title='bbox 525 2288 747 2343; x_wconf 82' lang='lat' dir='ltr'><strong>equidem,</strong></span> <span class='ocrx_word' id='word_1_195' title='bbox 766 2286 890 2328; x_wconf 84' lang='lat' dir='ltr'><strong>vivos</strong></span> <span class='ocrx_word' id='word_1_196' title='bbox 907 2285 1075 2328; x_wconf 85' lang='lat' dir='ltr'><strong>ducent</strong></span> <span class='ocrx_word' id='word_1_197' title='bbox 1088 2285 1142 2327; x_wconf 91' lang='lat' dir='ltr'><strong>de</strong></span> <span class='ocrx_word' id='word_1_198' title='bbox 1161 2294 1383 2327; x_wconf 83' lang='lat' dir='ltr'><strong>marmore</strong></span> <span class='ocrx_word' id='word_1_199' title='bbox 1400 2281 1545 2326; x_wconf 82' lang='lat' dir='ltr'><strong>vultus</strong></span> <span class='ocrx_word' id='word_1_200' title='bbox 1560 2300 1569 2332; x_wconf 88' lang='lat'><strong>;</strong></span> 
     </span>
    </p>

    <p class='ocr_par' dir='ltr' id='par_1_29' title="bbox 367 2355 1334 2409">
     <span class='ocr_line' id='line_1_30' title="bbox 367 2355 1334 2409; baseline -0.007 -8"><span class='ocrx_word' id='word_1_201' title='bbox 367 2361 572 2403; x_wconf 81' lang='lat' dir='ltr'><strong>orabunt</strong></span> <span class='ocrx_word' id='word_1_202' title='bbox 591 2370 741 2402; x_wconf 81' lang='lat' dir='ltr'><strong>causas</strong></span> <span class='ocrx_word' id='word_1_203' title='bbox 762 2356 933 2404; x_wconf 85' lang='lat' dir='ltr'><strong>melius,</strong></span> <span class='ocrx_word' id='word_1_204' title='bbox 957 2355 1146 2409; x_wconf 79' lang='lat' dir='ltr'><strong>coelique</strong></span> <span class='ocrx_word' id='word_1_205' title='bbox 1165 2357 1334 2397; x_wconf 88' lang='lat' dir='ltr'><strong>meatus</strong></span> 
     </span>
    </p>

    <p class='ocr_par' dir='ltr' id='par_1_30' title="bbox 366 2423 1441 2479">
     <span class='ocr_line' id='line_1_31' title="bbox 366 2423 1441 2479; baseline -0.008 -7"><span class='ocrx_word' id='word_1_206' title='bbox 366 2429 622 2473; x_wconf 71' lang='lat' dir='ltr'><strong>Describent</strong></span> <span class='ocrx_word' id='word_1_207' title='bbox 644 2428 781 2474; x_wconf 82' lang='lat' dir='ltr'><strong>radio,</strong></span> <span class='ocrx_word' id='word_1_208' title='bbox 806 2429 849 2470; x_wconf 88' lang='lat' dir='ltr'><strong>et</strong></span> <span class='ocrx_word' id='word_1_209' title='bbox 862 2425 1086 2479; x_wconf 76' lang='lat' dir='ltr'><strong>surgentia</strong></span> <span class='ocrx_word' id='word_1_210' title='bbox 1105 2425 1249 2469; x_wconf 78' lang='lat' dir='ltr'><strong>sidera</strong></span> <span class='ocrx_word' id='word_1_211' title='bbox 1265 2423 1410 2466; x_wconf 84' lang='lat' dir='ltr'><strong>dicent</strong></span> <span class='ocrx_word' id='word_1_212' title='bbox 1432 2440 1441 2463; x_wconf 90' lang='lat'>:</span> 
     </span>
    </p>
   </div>
  </div>
 </body>
</html>
