1917 2942
370 355 419 394 M
870 362 1160 403 BUCOLICA.
1615 370 1667 408 :33

371 441 579 485 Arcades.
599 446 634 485 O
655 445 760 485 1111111
781 447 871 487 tum
888 460 1019 501 quani
1038 448 1230 491 molliter
1250 461 1344 492 ossa
1362 454 1587 505 quiescant
1606 489 1613 503 ,

370 514 522 554 Vestra
538 525 657 556 meos
670 516 775 556 olim
793 517 828 557 si
844 515 988 558 fistula
1010 518 1126 559 dicat
1146 530 1314 561 amores
1332 523 1340 560 !

368 584 511 634 Atque
535 585 704 625 utinam
734 597 786 627 ex
804 587 926 627 vobis
942 598 1076 635 unns,
1096 590 1313 642 vestrique
1337 590 1512 636 fuissem

370 654 458 692 Aut
475 658 619 696 custos
638 656 781 707 gregis
799 687 808 706 ‚
830 659 906 697 aut
921 659 1107 699 maturae
1128 658 1293 701 vinitor
1307 673 1403 704 uvae
1421 666 1429 704 ἰ

366 724 497 764 Certe
512 753 521 769 ,
540 723 628 767 sive
649 724 754 765 mihi
770 725 936 777 Phyllis
957 758 964 773 ‚
984 727 1074 768 sive
1093 731 1204 769 esset
1223 733 1456 781 Amyntas,

366 794 448 832 Seu
465 792 716 846 quicunque
735 794 856 836 furor
882 795 1007 847 (quid
1028 799 1143 844 tum,
1167 799 1200 838 si
1222 797 1366 841 luscus
1387 804 1597 854 Amyntas
1613 805 1631 840 Τ

367 864 418 902 Et
437 863 576 914 nigrae
595 863 720 904 violae
738 867 862 914 sunt,
882 867 926 906 et
941 866 1138 907 vaccinia
1157 867 1281 918 nigra
1299 872 1329 918 )‚

368 934 538 973 Mecum
552 932 669 976 inter
682 935 834 977 salices
858 936 977 976 lenta
997 935 1075 977 sub
1088 937 1175 978 vite
1190 938 1358 988 jaceret
1379 955 1388 978 :

364 1004 484 1043 Serta
500 1001 607 1045 mihi
627 1004 796 1056 Phyllis
811 1005 998 1056 legeret,
1016 1009 1214 1048 cantaret
1230 1011 1458 1060 Amyntas.

365 1071 447 1112 Hic
464 1072 595 1124 gelidi
613 1072 757 1115 fontes
778 1090 787 1113 ι
814 1072 885 1115 hic
905 1073 1058 1115 mollia
1074 1079 1197 1129 prata
1216 1108 1225 1124 ‚
1250 1079 1411 1129 Lycori
1430 1094 1439 1125 ;

362 1143 447 1183 Hic
467 1153 621 1184 nemus
646 1143 744 1185 :liic
764 1144 860 1197 ipso
879 1145 1024 1186 tecum
1043 1156 1329 1187 consumerer
1344 1159 1453 1188 aevo.

360 1215 396 1252 N
400 1222 486 1254 unc
509 1212 688 1255 insanus
707 1224 831 1255 amor
848 1213 945 1254 duri
963 1217 1002 1255 te
1026 1215 1174 1256 Martis
1197 1215 1242 1255 in
1260 1218 1404 1261 armis,

360 1284 463 1323 Tela
482 1283 597 1325 inter
610 1284 753 1326 media
772 1317 781 1332 ‚
805 1287 935 1336 atque
951 1284 1157 1327 adversos
1174 1286 1343 1328 delinet
1359 1288 1521 1330 hostes.

360 1356 424 1393 Tu
439 1356 595 1406 procul
615 1365 639 1395 a
658 1355 800 1408 patria
829 1357 843 1406 (
864 1365 947 1396 1166
961 1354 1017 1395 sit
1039 1355 1146 1395 mihi
1165 1355 1344 1399 credere
1358 1361 1548 1399 tantuin!
1571 1362 1585 1410 j>

364 1422 559 1475 Alpinas,
582 1424 658 1465 ah!
681 1423 814 1471 dura,
839 1424 961 1466 nives
982 1427 1027 1466 et
1048 1425 1209 1477 frigora
1226 1426 1368 1468 Rheni

361 1495 429 1534 Me
442 1493 533 1534 sine
551 1495 643 1535 sola
656 1493 800 1535 vides!
829 1494 897 1535 Ah
920 1496 928 1533 1
955 1496 995 1536 te
1016 1506 1071 1535 ne
1093 1494 1255 1547 frigora
1272 1496 1452 1538 [fedanti

361 1563 448 1604 Ah!
469 1565 546 1605 tibi
565 1576 620 1606 ne
642 1567 811 1606 teneras
831 1565 989 1616 glacies
1003 1567 1121 1607 secet
1141 1577 1293 1618 aspera
1311 1567 1503 1619 plantas!

360 1634 436 1675 Ibo
453 1666 462 1680 ,
484 1636 549 1680 et,
570 1633 822 1676 Chalcidico
843 1646 938 1687 qute
954 1635 1177 1676 suntmihi
1193 1635 1371 1677 condita
1389 1648 1532 1682 versu,

358 1705 586 1749 Carmina.
609 1706 796 1760 pastoris
812 1705 945 1746 Sicufi
966 1706 1227 1747 modulabor
1247 1717 1400 1749 avena.

357 1777 533 1815 Certum
555 1776 678 1816 estin
695 1775 835 1820 silvis,
853 1774 969 1815 inter
986 1774 1149 1827 spelaea
1167 1773 1360 1816 ferarum

357 1842 485 1885 Malle
501 1844 589 1896 pati
605 1876 614 1891 ‚
640 1845 883 1898 tenerisque
904 1856 1025 1886 meos
1043 1844 1238 1886 incidere
1255 1856 1424 1887 amores

355 1914 597 1955 Arboribus
616 1930 625 1954 :
647 1918 847 1956 crescent
860 1915 968 1961 illze;
992 1917 1216 1963 crescetis,
1236 1926 1422 1958 amores.

353 1985 525 2026 Interea
543 1985 686 2026 mixtis
702 1984 898 2026 lustrabo
910 1985 1092 2026 Maenala
1110 1984 1323 2038 Nymphis
1338 2001 1347 2033 ;

356 2058 445 2094 Aut
464 2064 584 2096 acres
602 2055 799 2097 venabor
818 2066 946 2108 apros
966 2071 976 2094 ι
995 2065 1087 2096 11011
1102 2066 1170 2097 me
1186 2055 1274 2096 ulla
1292 2056 1504 2097 vetabunt

354 2124 535 2175 Frigora
552 2125 814 2167 Parthenios
830 2124 1009 2166 canibus
1030 2124 1306 2166 circumdare
1326 2126 1475 2166 saltus.

354 2196 378 2234 J
384 2204 454 2234 am
467 2193 574 2234 mihi
593 2205 671 2246 per
686 2205 816 2248 rupes
836 2193 992 2236 videor
1009 2196 1221 2247 lucosque
1238 2196 1442 2236 sonantes

352 2271 421 2308 lre
443 2282 451 2305 :
469 2266 575 2308 libet
588 2265 751 2308 Partho
768 2267 971 2319 torquere
992 2266 1188 2319 Cydonia
1206 2276 1346 2308 cornu

352 2339 528 2394 Spicula
549 2357 558 2380 ε
579 2343 786 2394 tanquam
804 2339 897 2382 haec
916 2342 1004 2381 Sint
1019 2340 1158 2382 nostri
1179 2339 1398 2381 medicina
1418 2339 1571 2380 furoris
1592 2368 1598 2383 .

356 2416 441 2453 Ant
460 2412 566 2453 deus
586 2412 658 2454 1116
682 2411 805 2452 maiis
823 2411 1054 2451 hominum
1076 2411 1304 2452 mitescere
1327 2409 1486 2451 discat!

352 2484 447 2521 .]ῑ111·1
466 2492 606 2535 neque
628 2479 955 2532 I-Iamadryatlcs
983 2491 1155 2521 rursum
1175 2511 1182 2528 ,
1208 2491 1289 2520 nec
1309 2478 1504 2521 carmina
1523 2479 1658 2532 111111ϊῆΔ
