1917 2942
210 306 255 344 ol
706 304 932 343 ECLOGA
962 304 1014 342 V.
1461 308 1510 345 37

213 389 380 430 Intonsi
397 390 594 436 montes3
617 389 722 440 lpsae
732 390 826 440 jam
845 390 1040 431 carmina
1055 402 1204 444 rupes,

212 461 310 514 Ipsa
324 460 483 500 sonant
499 458 700 500 arbusta:
718 461 837 501 Deus
853 489 862 507 ‚
885 461 1001 501 Deus
1018 459 1113 509 ille,
1134 461 1327 502 Menalca
1343 463 1353 500 ἱ

262 527 325 568 Sis
345 526 487 568 bouus
507 537 534 568 o
552 525 737 580 felixque
762 528 844 570 tuis
862 530 871 569 ἔ
893 539 949 570 en
979 535 1167 581 quatuor
1185 542 1281 572 aras
1300 547 1310 571 :

213 600 324 639 Ecce
344 596 449 639 duas
468 598 548 639 tibi
566 628 574 642 ‚
595 598 767 652 Daphni
787 614 796 646 ;
828 597 958 646 duaS,
982 598 1136 640 altaria
1156 599 1340 641 Phoebo,

214 667 376 709 Pocula
390 667 493 708 bina
509 677 626 709 novo
645 668 893 721 spumantia
905 668 1018 710 lacte
1039 670 1309 722 quotannis,

213 738 493 788 craterasque
511 734 601 777 duo
617 737 804 777 statuam
823 735 902 776 tihi
921 736 1094 789 pinguis
1109 737 1213 777 olivi
1228 753 1238 785 ;

214 808 269 846 Et
286 804 424 846 multo
443 805 488 845 in
508 803 660 857 primis
678 804 869 847 hilarans
889 805 1094 847 convivia
1108 805 1280 849 Baccho
1296 838 1306 854 ‚

217 875 330 915 Ante
348 871 494 915 focum
513 905 520 918 ‚
538 874 572 915 si
590 872 723 926 frigus
743 874 847 924 erit,
865 875 900 916 si
914 874 1064 917 messis
1079 906 1087 921 ‚
1105 875 1151 915 in
1168 874 1344 920 umbra.

217 942 328 983 Vina
344 953 513 984 novum
535 941 712 985 lundam
728 943 907 985 calathis
924 944 1098 986 Ariusia
1115 946 1280 990 nectar.

217 1010 466 1052 cantabunt
486 1010 592 1051 mihi
612 1014 831 1054 Damoetas
857 1014 903 1055 et
921 1014 1097 1065 Lyctius
1111 1016 1277 1066 AEgon:

215 1079 427 1122 saltantes
447 1082 622 1132 Satyros
640 1081 883 1123 imitabitur
897 1082 1216 1135 Alphesiboeus.

216 1152 319 1192 Haec
332 1149 409 1190 tibi
422 1162 594 1205 semper
608 1153 737 1192 eruut
754 1182 765 1202 ,
783 1154 827 1194 et
847 1163 984 1204 quum
1002 1152 1214 1194 solemnia
1232 1154 1337 1193 vota

216 1220 459 1263 Reddemus
477 1219 710 1274 Nymphis.
738 1223 781 1263 et
800 1233 937 1273 quum
953 1220 1233 1263 lustrabimus
1251 1232 1396 1274 agros.

217 1291 332 1329 Dum
344 1291 451 1342 juga
469 1292 632 1332 montis
649 1301 766 1343 aper,
785 1289 942 1331 fluvios
961 1290 1070 1331 dum
1089 1289 1216 1344 piscis
1236 1291 1420 1339 amabit,

216 1360 415 1412 Dumque
432 1359 585 1411 thymo
602 1361 838 1413 pascentur
859 1370 961 1414 apes
978 1389 988 1405 .
1008 1360 1113 1401 dum
1130 1370 1230 1402 rore
1246 1359 1408 1402 cicadae
1428 1392 1437 1407 ,

214 1431 394 1482 Semper
409 1427 567 1475 honos,
585 1438 837 1482 nomenque
855 1433 993 1476 tuum,
1012 1428 1246 1481 laudesque
1260 1429 1518 1472 manebunt.

218 1502 274 1539 Ut
288 1497 460 1540 Baccho
478 1499 731 1550 Cererique,
750 1498 830 1540 tihi
844 1497 907 1539 sic
922 1501 1026 1540 vota
1046 1501 1153 1551 quot
1172 1499 1298 1540 anuis

219 1569 433 1621 Agricolfe
453 1567 615 1611 facient
634 1585 644 1609 ι
665 1569 892 1612 damnabis
909 1570 957 1611 tu
974 1580 1151 1623 quoque
1165 1569 1298 1611 votis.

781 1665 970 1699 morsos.

218 1728 324 1776 Quae
344 1726 444 1776 tibi,
463 1737 562 1780 quae
580 1728 658 1769 tali
673 1726 861 1770 reddam
880 1737 963 1781 pro
980 1725 1172 1768 carmine
1188 1723 1304 1766 dona
1319 1727 1338 1766 Ρ

218 1798 328 1837 Nam
342 1807 484 1850 neque
500 1807 570 1838 me
591 1799 763 1838 tantum
779 1796 995 1839 venientis
1011 1796 1157 1836 sibilus
1174 1795 1309 1836 austri
1327 1826 1337 1842 ‚

218 1868 306 1907 Nec
320 1868 689 1920 percussajuvant
703 1865 839 1909 fluctu
854 1869 943 1907 tam
958 1866 1126 1913 littora,
1147 1875 1231 1906 nec
1258 1875 1355 1918 quae

218 1939 396 1980 Saxosas
414 1938 529 1980 inter
545 1937 789 1981 decurrunt
804 1935 988 1978 flumina
1002 1936 1155 1977 valles.

740 2033 979 2066 MENALcAs.

222 2095 313 2137 Hac
328 2096 370 2136 te
389 2105 469 2137 nos
485 2092 626 2146 fragili
643 2093 902 2135 donabimus
919 2097 1020 2135 ante
1041 2094 1205 2135 cicuta:

222 2183 327 2223 Haec
341 2192 442 2229 nos,
469 2182 745 2223 Formosum
764 2178 982 2233 Corydon
999 2179 1202 2221 ardebat
1219 2176 1401 2221 Alexin
1423 2190 1434 2218 :

224 2253 326 2292 Haec
343 2250 495 2294 eadem
513 2250 684 2299 docuit,
706 2252 880 2305 Cu-Jum
902 2260 1044 2305 pecus
1065 2249 1084 2289 Ρ
1104 2260 1168 2291 an
1183 2246 1387 2291 Melibaei
1402 2246 1422 2286 2²

785 2346 967 2381 mopsus.

228 2412 282 2450 At
302 2412 348 2452 tu
364 2422 485 2454 sume
506 2409 681 2464 pedum,
703 2409 819 2463 quod
840 2439 850 2460 ,
871 2419 940 2451 me
959 2419 1094 2463 quum
1114 2417 1228 2462 saepe
1247 2408 1422 2460 rogaret
1443 2438 1450 2455 ‚
