1917 2942
411 333 483 371 «6¹⁴
934 333 1193 373 AENEIDOS
1670 339 1718 373 43

408 417 596 459 creditis
613 419 791 460 avectos
805 417 953 461 hostes
965 421 985 460 t>
1000 425 1074 461 aut
1093 421 1183 461 ulla
1200 422 1362 474 putatis

410 490 537 529 Dona
553 498 705 530 carere
721 487 836 529 dolis
853 489 1084 531 Danaum?
1114 492 1177 532 sio
1191 493 1324 532 notus
1339 491 1483 532 Ulixes
1493 494 1511 532 ἰ’

386 558 500 596 ·Aut
519 556 604 598 hoc
623 557 775 599 inclusi
797 558 919 610 ligno
935 561 1214 601 occultantur
1230 561 1403 606 Achivi,
1651 612 1655 615 ,

409 628 500 666 Aut
517 625 613 668 haec
633 626 677 666 in
702 632 877 669 nostros
898 626 1108 670 fabricata
1123 631 1186 671 est
1202 631 1407 672 machina
1423 641 1587 679 muros,

407 696 668 747 Inspectura
687 695 857 745 domos,
884 702 1159 751 venturaque
1179 698 1367 753 desuper
1386 699 1507 747 urbi;

410 767 500 804 Aut
518 764 674 817 aliquis
693 766 800 808 latet
817 778 942 808 error
966 784 976 807 ε
999 779 1113 821 equo
1132 779 1189 810 ne
1207 769 1384 816 credite,
1403 770 1576 812 Teucri.

408 833 633 887 Quidquid
656 834 698 874 id
720 839 797 882 est,
823 836 957 878 timeo
979 839 1153 879 Danaos
1174 840 1217 879 et
1235 838 1352 880 dona
1371 838 1574 881 ferentes,
1596 854 1610 875 ⁹

459 903 529 945 Sic
551 903 675 951 fatus,
698 904 855 946 validis
876 906 1106 959 ingentem
1123 908 1289 949 viribus
1312 908 1480 950 hastam

407 975 458 1013 In
477 974 589 1015 latus
609 975 743 1028 inque
761 973 840 1017 feri
861 987 1041 1018 curvam
1061 977 1345 1030 compagibus
1365 978 1512 1019 alvum

407 1045 648 1085 contorsit.
666 1045 793 1086 Stetit
812 1045 888 1087 illa
908 1047 1119 1093 tremens,
1141 1047 1352 1099 uteroque
1370 1058 1546 1090 recusso

407 1115 649 1154 Insonuere
668 1124 785 1156 cavae
805 1115 1109 1167 gemitumque
1130 1114 1289 1156 dedere
1309 1126 1526 1158 cavernae.

407 1184 475 1229 Et,
497 1183 533 1223 si
554 1181 640 1224 sata
659 1182 806 1228 deum.
829 1184 863 1224 si
879 1195 1005 1225 mens
1021 1195 1111 1225 non
1133 1184 1242 1225 laeva
1263 1182 1424 1233 fuisset,

407 1252 662 1304 Impulerat,
685 1250 804 1294 ferro
824 1253 1054 1304 Argolicas
1074 1251 1441 1296 foedarelatebras
1462 1270 1471 1292 2

406 1322 619 1372 Trojaque
639 1331 761 1361 nunc
775 1323 926 1369 stares,
951 1321 1206 1373 Priamique
1221 1333 1296 1364 arx
1315 1322 1401 1363 alta
1416 1325 1639 1363 maneres!

459 1392 572 1431 Ecce
591 1400 748 1430 manus
759 1392 970 1441 Juvenem
986 1390 1156 1432 interea
1175 1392 1273 1443 post
1289 1394 1409 1443 terga
1427 1392 1675 1432 revinctum

407 1460 610 1500 Pastores
625 1469 788 1510 magno
805 1456 859 1499 ad
878 1469 1028 1509 regem
1048 1459 1240 1500 clamore
1262 1459 1496 1501 trahebant

406 1528 687 1575 Dardanidae,
716 1528 790 1580 qni
810 1539 856 1569 se
875 1528 1080 1579 ignotum
1104 1526 1382 1569 venientibus
1401 1529 1534 1575 ultro,

405 1601 502 1640 Hoc
521 1599 666 1651 ipsum
686 1597 735 1638 ut
754 1599 958 1641 strueret,
978 1598 1238 1649 Trojamque
1256 1597 1447 1649 aperiret
1466 1596 1658 1644 Achivis,

402 1666 646 1713 obtulerat,
667 1665 806 1707 fidens
830 1666 981 1713 animi,
1005 1670 1135 1718 atque
1152 1667 1198 1705 in
1216 1668 1455 1719 utrumque
1476 1669 1665 1719 paratus,

402 1738 487 1777 Seu
505 1745 681 1777 versare
698 1735 837 1778 dolos.
861 1746 937 1777 seu
957 1738 1087 1777 certae
1103 1736 1367 1777 occumbere
1385 1737 1535 1777 morti.

404 1805 607 1857 Undique
626 1804 797 1848 visendi
817 1803 965 1845 studio
980 1806 1168 1856 'trojana
1180 1805 1390 1855 juventus

402 1871 678 1914 Circumfusa
696 1873 799 1920 ruit,
821 1874 1081 1925 certantque
1098 1871 1283 1914 illudere
1301 1878 1447 1927 capto.

404 1942 573 1996 Adcipe
593 1954 716 1985 nunc
738 1942 942 1984 Danaum
964 1941 1159 1987 insidias.
1182 1946 1226 1984 et
1254 1942 1440 1984 crimine
1459 1942 1510 1984 ab
1528 1954 1618 1984 uno

403 2013 532 2055 Disce
553 2022 723 2054 omnes.
1159 2028 1162 2030 >
1352 2028 1354 2031 ·
1422 2020 1424 2022 ·
1550 2024 1552 2026 ·

401 2085 613 2134 Namque,
634 2084 685 2122 ut
705 2083 947 2135 conspectu
969 2081 1015 2122 in
1034 2080 1194 2127 medio,
1217 2081 1430 2128 turbatus,
1453 2081 1648 2127 inermis,

401 2150 622 2198 Constitit,
645 2152 777 2202 atine
803 2150 943 2192 oculis
971 2150 1166 2202 Phrygia
1185 2151 1360 2203 agmina
1380 2151 1689 2205 circumspexit
1714 2171 1722 2193 :

404 2236 419 2256 a
442 2223 553 2269 Heu,
568 2232 665 2273 quae
678 2232 801 2264 nunc
818 2222 958 2267 tellus,
979 2221 1137 2273 inquit.
1152 2233 1248 2275 quae
1264 2233 1335 2264 me
1349 2233 1524 2274 aequora
1537 2228 1721 2274 possunt

402 2289 653 2344 Adcipere?
673 2293 748 2332 aut
762 2290 867 2343 quid
881 2291 975 2342 jam
992 2289 1154 2332 misero
1170 2290 1279 2331 milii
1296 2290 1487 2343 denique
1504 2292 1667 2332 restat?

400 2359 479 2400 Cui
500 2370 643 2412 neque
662 2359 779 2411 apud
801 2362 977 2401 Danaos
994 2371 1183 2413 usquam
1203 2360 1351 2408 locus3
1374 2363 1417 2401 et
1435 2371 1568 2414 supet·
1586 2360 1666 2416 ipsi

399 2426 666 2469 Dardanidae
688 2426 846 2470 infensi
870 2439 1023 2483 peenas
1044 2440 1145 2471 eum
1171 2429 1386 2482 sanguine
1405 2431 1626 2483 poscunt?
1645 2447 1661 2467 u
