1917 2942
300 343 349 382 [Ple
787 346 1110 384 GEORGICON
1523 349 1594 386 isso

349 430 528 471 Semina
545 429 634 471 vicli
653 429 856 481 equidem
872 430 1030 472 multos
1044 429 1263 472 medicare
1278 436 1468 473 serentes
1483 464 1490 478 ,

297 500 353 538 Et
369 499 486 540 nitro
506 498 623 551 prius
638 501 681 541 et
700 500 826 551 nigra
843 497 1109 552 perfundere
1129 511 1304 542 amurca
1323 532 1331 546 ,

296 567 460 609 Grandi
467 579 516 609 or
532 569 579 608 ut
599 567 709 609 fetus
722 568 887 619 siliquis
901 565 1121 610 fallacibus
1141 570 1251 611 esset
1264 584 1273 615 ;

296 641 377 684 Et,
401 640 598 692 quamvis
615 639 706 692 igni
725 640 910 691 exiguo,
934 641 1168 693 properata
1184 640 1425 683 maderent.

294 708 389 749 Vidi
416 710 527 751 lecta
546 708 646 755 diu,
674 713 717 750 et
736 709 876 750 multo
888 712 1083 763 spectata
1095 709 1263 756 labore,

295 783 572 832 Degenerare
594 781 739 820 tamen
759 811 767 826 ,
802 779 848 819 ni
866 781 930 820 vis
944 779 1138 820 humana
1156 782 1389 832 quotannis

292 848 477 890 Maxima
494 859 676 901 quaeque
695 859 829 889 manu
842 850 1005 900 legeret
1024 866 1032 888 :
1053 850 1115 890 sie
1131 849 1278 890 omnia
1295 848 1391 892 fatis

293 922 343 960 In
361 921 485 971 pejus
499 930 647 964 ruere,
669 929 719 960 ac
743 919 861 960 retro
882 918 1081 973 sublapsa
1101 917 1268 961 referri.

293 993 391 1031 Non
408 989 545 1033 aliter,
562 1000 694 1041 quain
713 989 788 1040 qui
809 988 992 1031 adverso
1005 991 1078 1030 vix
1099 987 1279 1031 flumine
1299 990 1492 1031 lembum

294 1060 500 1111 Remigiis
518 1058 702 1110 subigit3
720 1058 754 1099 si
775 1058 952 1099 brachia
968 1058 1079 1100 forte
1092 1059 1281 1106 remisit,

292 1131 436 1182 Atque
452 1130 638 1171 illumin
655 1139 849 1182 praeceps
866 1140 1008 1181 prono
1022 1129 1137 1181 rapit
1157 1130 1302 1170 alveus
1319 1129 1452 1170 amni.

344 1201 566 1242 Praeterea
587 1201 675 1240 tam
693 1200 795 1240 sunt
813 1199 987 1240 Arcturi
1006 1197 1147 1240 sidera
1162 1198 1288 1240 nobis
1307 1230 1314 1244 ,

289 1267 619 1322 Haedorumque
636 1268 728 1309 dies
755 1266 957 1309 servandi
975 1299 984 1314 ‚
1008 1267 1233 1310 etlucidus
1249 1268 1434 1320 Anguis,

290 1342 432 1389 Quam
446 1337 603 1391 quibus
619 1338 664 1378 in
683 1338 871 1391 patriam
886 1339 1070 1378 ventosa
1092 1349 1169 1388 per
1185 1348 1362 1390 {equora
1380 1338 1518 1379 vectis

292 1409 459 1449 Pontus
476 1408 521 1449 et
535 1406 723 1449 ostriferi
744 1405 887 1448 fauces
905 1409 1131 1448 tentantur
1146 1407 1306 1459 Abydi.

290 1477 418 1520 Libra
438 1478 508 1520 die
528 1478 759 1530 somnique
784 1490 907 1531 pares
927 1478 1002 1518 ubi
1021 1478 1169 1520 fecerit
1182 1477 1312 1520 horas
1330 1509 1339 1525 ‚

288 1548 344 1588 Et
359 1548 554 1589 medium
573 1549 661 1589 luci
676 1551 805 1600 atque
828 1547 995 1588 umbris
1008 1549 1099 1598 jam
1117 1546 1274 1589 dividit
1294 1548 1444 1590 orben]
1465 1580 1473 1591 ,

287 1619 519 1664 Exercete,
541 1618 625 1658 viri
643 1649 651 1665 ,
674 1620 845 1666 ‘tauros;
876 1616 1006 1659 serite
1025 1616 1189 1659 hordea
1206 1617 1382 1671 campis,

290 1691 436 1741 Usque
453 1687 533 1729 sub
553 1690 796 1730 extremum
814 1687 983 1728 brumae
1012 1686 1295 1727 intractabilis
1314 1687 1514 1729 imbrem,

290 1760 378 1799 Nec
398 1769 490 1799 non
508 1761 551 1799 et
570 1756 646 1797 lini
661 1758 856 1808 segetem
874 1786 882 1802 ,
908 1756 951 1797 et
971 1756 1145 1797 Cereale
1164 1767 1366 1809 papaver,

288 1830 478 1881 Tempus
496 1827 632 1868 humo
651 1829 811 1878 tegere.
831 1829 873 1868 et
877 1823 1140 1876 jamdudum
1155 1825 1408 1868 incumbere
1426 1829 1594 1867 aratris:

292 1899 409 1937 Dum
427 1898 541 1938 sicca
558 1897 715 1938 tellure
730 1895 853 1942 licet,
875 1894 980 1936 dum
999 1895 1151 1936 nubila
1172 1894 1382 1947 pendent.

288 1968 396 2007 Vere
413 1964 519 2007 fabis
537 1966 669 2013 satio;
696 1967 784 2005 tum
801 1966 841 2007 te
855 1975 1051 2018 quoque,
1071 1963 1266 2010 medica,
1287 1967 1435 2017 putres

290 2036 525 2090 Accipiunt
543 2036 652 2078 sulci
671 2067 679 2083 ‚
709 2039 753 2077 et
768 2035 889 2076 milio
907 2035 1029 2077 venit
1047 2046 1193 2077 annua
1207 2047 1309 2078 eura
1333 2053 1342 2075 ε

289 2104 509 2147 Candidus
525 2106 686 2146 auratis
700 2106 840 2158 aperit
855 2115 990 2156 quum
1007 2104 1211 2146 cornibus
1227 2116 1392 2146 annum

288 2180 455 2216 Taurus
473 2205 481 2221 ‚
503 2176 546 2216 et
561 2173 742 2216 adverso
760 2173 918 2216 cedens
937 2174 1062 2214 Canis
1078 2173 1235 2215 occidit
1248 2175 1377 2219 astro.

291 2244 350 2284 At
368 2243 402 2285 si
424 2245 639 2285 triticeam
656 2243 702 2284 in
718 2254 903 2285 messem
921 2243 1182 2295 robustaque
1202 2242 1313 2284 farra

289 2314 519 2356 Exercebis
533 2312 743 2359 humum,
767 2313 953 2364 solisque
968 2312 1146 2356 instabis
1176 2313 1314 2356 aristis
1340 2331 1349 2353 ε

291 2385 406 2425 Ante
424 2383 500 2424 tibi
515 2386 617 2425 Eoae
638 2382 885 2425 Atlantides
903 2382 1242 2431 abscondantur,

288 2453 539 2505 Gnosiaque
558 2452 749 2495 ardentis
767 2452 951 2496 decedat
969 2453 1091 2496 stella
1108 2457 1306 2495 Coronae.
