1917 2942
382 329 460 366 5378
879 328 1140 365 AENEIDOS
1615 331 1686 369 697

380 411 587 453 Thebana
606 410 661 453 de
679 413 818 452 matre
835 410 1026 451 nothum
1045 411 1311 465 Sarpedonis
1331 413 1430 459 alti,

382 483 596 532 conjecto
612 481 769 523 sternit
781 480 928 532 jaculo
951 481 1098 522 :volat
1120 482 1228 523 Itala
1248 493 1411 524 cornus

384 556 502 594 Aera
520 564 601 605 per
622 556 839 599 tenerum,
859 551 1181 605 stomachoque
1199 552 1333 593 infixa
1351 553 1431 594 sub
1451 553 1588 593 altum

384 624 545 664 Pectus
563 621 653 663 abit
672 637 681 660 ε
702 620 852 662 reddit
866 632 1021 674 specus
1038 622 1120 663 atri
1138 622 1328 664 vulneris
1346 621 1511 663 undam

383 694 686 746 Spumantem,
704 693 749 733 et
766 691 850 732 fixo
868 690 1031 733 ferrum
1049 693 1092 733 in
1114 692 1325 745 pulmone
1339 692 1536 746 tepescit.

382 767 481 799 Tum
495 766 691 806 Meropem
703 765 818 805 atque
833 763 1071 805 Erymantho
1085 764 1304 804 manurtum
1316 761 1693 805 sternitAphi‹lnum;

383 829 496 865 Tum
511 823 655 865 Bitian
670 823 902 865 ardentem
922 825 1078 869 oculis,
1098 824 1343 876 animisque
1366 822 1641 867 frementem,

388 895 487 935 Non
502 894 667 944 jaculo,
687 904 830 946 neque
845 893 966 934 enim
978 893 1129 944 jaculo
1148 893 1286 935 vitam
1304 893 1376 935 ille
1395 892 1585 935 dedisset
1604 909 1613 932 ε

385 962 470 1004 Sed
485 973 698 1015 magnum
712 962 900 1005 stridens
920 965 1124 1004 contorta
1142 962 1366 1015 phalarica
1380 963 1517 1009 venit,

390 1032 605 1073 Fulminis
625 1037 722 1074 acta
736 1030 872 1073 modo
894 1047 903 1070 :
920 1042 1055 1083 quam
1074 1041 1156 1073 nec
1174 1030 1263 1072 duo
1281 1034 1430 1072 taurea
1452 1032 1592 1083 terga

388 1103 477 1143 Nec
494 1101 661 1154 duplici
678 1112 860 1155 squama
877 1101 1016 1143 lorica
1033 1100 1172 1143 fidelis
1191 1104 1233 1142 et
1249 1111 1358 1142 auro

390 1171 626 1217 Sustinu.it;
650 1172 841 1223 collapsa
862 1172 1000 1211 ruunt
1018 1170 1230 1211 immania
1249 1170 1464 1213 membra.

393 1244 475 1281 Dat
492 1240 619 1282 tellus
635 1241 867 1293 gemitum,
886 1242 929 1282 et
947 1239 1140 1292 clipeum
1160 1251 1293 1293 super
1309 1241 1483 1282 intonat
1500 1241 1656 1292 ingens
1676 1256 1685 1278 ε

390 1310 539 1359 Qualis
558 1310 606 1351 in
623 1309 818 1352 Euboico
839 1310 1045 1351 Baiarum
1064 1310 1195 1351 litore
1216 1309 1442 1361 quondam

392 1383 528 1421 saxea
545 1380 633 1433 pila
652 1379 794 1426 cadit,
814 1380 987 1432 magnis
1006 1390 1136 1431 quam
1156 1379 1344 1420 molibus
1364 1381 1468 1420 ante

393 1452 699 1492 constructam
718 1453 859 1504 ponto
869 1450 1063 1500 jaciunt3
1086 1450 1148 1490 sic
1172 1449 1244 1490 illa
1266 1449 1444 1489 ruinam

395 1523 544 1561 Prona
565 1519 715 1567 trahit,
739 1520 1004 1573 penitusque
1027 1517 1151 1558 vadis
1170 1518 1283 1559 illisa
1302 1517 1546 1562 recumbit:

395 1591 583 1633 Miscent
596 1600 641 1631 se
659 1588 815 1640 maria,
833 1592 878 1631 et
896 1590 1035 1637 nigrae
1052 1587 1327 1629 adtolluntur
1346 1597 1507 1628 arenae.

395 1664 506 1700 Tum
524 1659 675 1701 sonitu
693 1657 918 1710 Prochyta
937 1657 1027 1698 alta
1044 1658 1209 1706 tremit,
1232 1655 1481 1708 durumque
1497 1653 1644 1696 cubile

393 1730 586 1770 Inarime
602 1727 725 1769 Jovis
743 1725 937 1781 imperiis
957 1726 1147 1779 imposta
1165 1725 1380 1778 Typlioeo.

449 1798 531 1841 Hic
556 1801 669 1840 Mars
689 1798 961 1851 armipotens
987 1796 1186 1836 animum
1207 1795 1414 1846 viresque
1434 1793 1602 1834 Latinis

399 1868 598 1919 Addidit,
619 1871 663 1909 et
680 1868 882 1909 stimulos
898 1876 1020 1908 acres
1040 1863 1119 1907 sub
1136 1866 1317 1917 pectore
1331 1862 1486 1909 vertit;

398 1939 672 1991 Immisitque
687 1941 852 1989 Fugam
871 1936 1050 1979 Teucris
1070 1938 1304 1986 atrumque
1320 1932 1559 1974 Timorem.

403 2009 603 2063 Undique
622 2008 919 2053 conveniunt;
941 2005 1152 2058 quoniam
1172 2003 1274 2045 data
1292 2003 1420 2055 copia
1438 2011 1594 2055 pugna-³,
1608 2016 1623 2045 2

398 2078 682 2131 Bellatorque
703 2078 874 2119 animos
893 2075 1000 2118 deus
1017 2074 1190 2116 incidit.

399 2147 644 2195 Pandarus.
661 2151 711 2189 ut
725 2145 821 2189 fuso
837 2157 1100 2199 germanum
1119 2154 1308 2197 corpore
1327 2142 1485 2187 ceruit,

397 2224 453 2261 Et
472 2229 560 2272 quo
578 2217 635 2260 sit
655 2215 830 2258 fortuna
847 2217 962 2264 loco,
982 2215 1059 2268 qui
1078 2226 1201 2257 casus
1216 2214 1316 2265 agat
1336 2223 1420 2256 res,

398 2293 580 2331 Portam
602 2291 641 2329 vi
657 2289 797 2330 multa
818 2297 1036 2329 converso
1054 2286 1232 2328 cardine
1250 2286 1446 2335 torquet.

399 2360 594 2402 Obnixus
612 2360 712 2402 latis
729 2359 939 2404 humeris,
955 2358 1207 2409 multosque
1228 2365 1410 2397 suorum

401 2432 612 2474 Msrnihus
633 2431 827 2474 exclusos
845 2429 956 2472 duro
974 2429 1020 2469 in
1041 2427 1281 2471 certamine
1301 2424 1485 2477 linquit;
